<?xml version="1.0" encoding="UTF-8"?>
<!DOCTYPE html PUBLIC "-//W3C//DTD XHTML 1.0 Transitional//EN"
    "http://www.w3.org/TR/xhtml1/DTD/xhtml1-transitional.dtd">
<html xmlns="http://www.w3.org/1999/xhtml" xml:lang="en" lang="en">
 <head>
  <title>
</title>
<meta http-equiv="Content-Type" content="text/html;charset=utf-8" />
  <meta name='ocr-system' content='tesseract 3.04.00' />
  <meta name='ocr-capabilities' content='ocr_page ocr_carea ocr_par ocr_line ocrx_word'/>
</head>
<body>
  <div class='ocr_page' id='page_1' title='image "./historiarumabur01livygoog_0258.png"; bbox 0 0 2117 3642; ppageno 0'>
   <div class='ocr_carea' id='block_1_1' title="bbox 89 189 660 302">
    <p class='ocr_par' dir='ltr' id='par_1_1' title="bbox 89 189 660 302">
     <span class='ocr_line' id='line_1_1' title="bbox 89 189 660 302; baseline 0.004 -28"><span class='ocrx_word' id='word_1_1' title='bbox 89 294 92 302; x_wconf 18' lang='lat' dir='ltr'>y</span> <span class='ocrx_word' id='word_1_2' title='bbox 168 217 251 297; x_wconf 61' lang='grc' dir='ltr'>ιιι</span> <span class='ocrx_word' id='word_1_3' title='bbox 425 189 660 276; x_wconf 63' lang='lat' dir='ltr'>mnrvtr&#39;</span> 
     </span>
    </p>
   </div>
   <div class='ocr_carea' id='block_1_2' title="bbox 145 300 918 684">
    <p class='ocr_par' dir='ltr' id='par_1_2' title="bbox 145 300 918 684">
     <span class='ocr_line' id='line_1_2' title="bbox 169 300 918 376; baseline 0.012 -18"><span class='ocrx_word' id='word_1_4' title='bbox 169 308 300 376; x_wconf 76' lang='lat' dir='ltr'><strong>multiplex</strong></span> <span class='ocrx_word' id='word_1_5' title='bbox 310 306 405 373; x_wconf 82' lang='lat' dir='ltr'>religio,</span> <span class='ocrx_word' id='word_1_6' title='bbox 423 310 448 359; x_wconf 76' lang='grc' dir='ltr'>δι</span> <span class='ocrx_word' id='word_1_7' title='bbox 459 310 575 376; x_wconf 83' lang='lat' dir='ltr'>pleraque</span> <span class='ocrx_word' id='word_1_8' title='bbox 585 300 695 376; x_wconf 77' lang='lat' dir='ltr'>externa,</span> <span class='ocrx_word' id='word_1_9' title='bbox 712 305 815 374; x_wconf 56' lang='lat' dir='ltr'>invasu</span> <span class='ocrx_word' id='word_1_10' title='bbox 831 300 918 367; x_wconf 68' lang='lat' dir='ltr'>notua</span> 
     </span>
     <span class='ocr_line' id='line_1_3' title="bbox 145 383 914 457; baseline 0.005 -20"><span class='ocrx_word' id='word_1_11' title='bbox 145 442 151 453; x_wconf 44' lang='grc' dir='ltr'><strong><em>Ι</em></strong></span> <span class='ocrx_word' id='word_1_12' title='bbox 169 386 230 437; x_wconf 87' lang='lat' dir='ltr'>ritus</span> <span class='ocrx_word' id='word_1_13' title='bbox 250 383 400 434; x_wconf 86' lang='lat' dir='ltr'>sacrificandi</span> <span class='ocrx_word' id='word_1_14' title='bbox 419 386 579 436; x_wconf 83' lang='lat' dir='ltr'>vaticinando</span> <span class='ocrx_word' id='word_1_15' title='bbox 591 387 752 438; x_wconf 80' lang='lat' dir='ltr'>inserentibus</span> <span class='ocrx_word' id='word_1_16' title='bbox 771 390 797 438; x_wconf 90' lang='lat' dir='ltr'>in</span> <span class='ocrx_word' id='word_1_17' title='bbox 811 388 914 457; x_wconf 77' lang='lat' dir='ltr'>domos,</span> 
     </span>
     <span class='ocr_line' id='line_1_4' title="bbox 169 460 915 531; baseline 0.007 -19"><span class='ocrx_word' id='word_1_18' title='bbox 169 462 258 530; x_wconf 77' lang='lat' dir='ltr'>quibua</span> <span class='ocrx_word' id='word_1_19' title='bbox 280 462 379 527; x_wconf 82' lang='lat' dir='ltr'>quaellui</span> <span class='ocrx_word' id='word_1_20' title='bbox 391 460 446 511; x_wconf 87' lang='lat' dir='ltr'>slmt</span> <span class='ocrx_word' id='word_1_21' title='bbox 465 463 531 531; x_wconf 86' lang='lat' dir='ltr'>capti</span> <span class='ocrx_word' id='word_1_22' title='bbox 543 462 713 528; x_wconf 76' lang='lat' dir='ltr'>superstitione</span> <span class='ocrx_word' id='word_1_23' title='bbox 724 465 815 515; x_wconf 85' lang='lat' dir='ltr'>animi:</span> <span class='ocrx_word' id='word_1_24' title='bbox 832 466 915 518; x_wconf 85' lang='lat' dir='ltr'>donee</span> 
     </span>
     <span class='ocr_line' id='line_1_5' title="bbox 167 538 915 609; baseline 0.005 -20"><span class='ocrx_word' id='word_1_25' title='bbox 167 540 280 609; x_wconf 86' lang='lat' dir='ltr'>publicus</span> <span class='ocrx_word' id='word_1_26' title='bbox 289 538 341 603; x_wconf 85' lang='lat' dir='ltr'>jam</span> <span class='ocrx_word' id='word_1_27' title='bbox 353 538 433 606; x_wconf 91' lang='lat' dir='ltr'>pudor</span> <span class='ocrx_word' id='word_1_28' title='bbox 443 538 474 588; x_wconf 89' lang='lat' dir='ltr'>ad</span> <span class='ocrx_word' id='word_1_29' title='bbox 483 541 603 606; x_wconf 74' lang='lat' dir='ltr'>primores</span> <span class='ocrx_word' id='word_1_30' title='bbox 614 540 723 590; x_wconf 74' lang='lat' dir='ltr'>civitatis</span> <span class='ocrx_word' id='word_1_31' title='bbox 731 544 854 609; x_wconf 80' lang='lat' dir='ltr'>pervenit,</span> <span class='ocrx_word' id='word_1_32' title='bbox 861 558 915 593; x_wconf 89' lang='lat' dir='ltr'>eer-</span> 
     </span>
     <span class='ocr_line' id='line_1_6' title="bbox 168 614 915 684; baseline 0.001 -17"><span class='ocrx_word' id='word_1_33' title='bbox 168 627 254 667; x_wconf 79' lang='lat' dir='ltr'>nentes</span> <span class='ocrx_word' id='word_1_34' title='bbox 264 618 290 665; x_wconf 89' lang='lat' dir='ltr'>in</span> <span class='ocrx_word' id='word_1_35' title='bbox 301 616 416 669; x_wconf 84' lang='lat' dir='ltr'>omnibus</span> <span class='ocrx_word' id='word_1_36' title='bbox 427 616 490 665; x_wconf 79' lang='lat' dir='ltr'>vicis</span> <span class='ocrx_word' id='word_1_37' title='bbox 501 614 642 682; x_wconf 77' lang='lat' dir='ltr'>sacellisque</span> <span class='ocrx_word' id='word_1_38' title='bbox 651 618 780 684; x_wconf 76' lang='lat' dir='ltr'>peregrina</span> <span class='ocrx_word' id='word_1_39' title='bbox 789 628 864 683; x_wconf 81' lang='lat' dir='ltr'>atque</span> <span class='ocrx_word' id='word_1_40' title='bbox 874 617 915 669; x_wconf 90' lang='lat' dir='ltr'>in·</span> 
     </span>
    </p>
   </div>
   <div class='ocr_carea' id='block_1_3' title="bbox 61 687 1000 761">
    <p class='ocr_par' dir='ltr' id='par_1_3' title="bbox 61 687 1000 761">
     <span class='ocr_line' id='line_1_7' title="bbox 61 687 1000 761; baseline 0.004 -18"><span class='ocrx_word' id='word_1_41' title='bbox 61 704 62 713; x_wconf 62' lang='lat'>¹</span> <span class='ocrx_word' id='word_1_42' title='bbox 167 692 239 744; x_wconf 85' lang='lat' dir='ltr'>solita</span> <span class='ocrx_word' id='word_1_43' title='bbox 254 694 349 761; x_wconf 82' lang='lat' dir='ltr'>piacula</span> <span class='ocrx_word' id='word_1_44' title='bbox 361 694 427 761; x_wconf 78' lang='lat' dir='ltr'>pacit</span> <span class='ocrx_word' id='word_1_45' title='bbox 443 687 525 744; x_wconf 74' lang='lat' dir='ltr'>Deum</span> <span class='ocrx_word' id='word_1_46' title='bbox 542 694 711 761; x_wconf 62' lang='lat' dir='ltr'>exposcenda.</span> <span class='ocrx_word' id='word_1_47' title='bbox 746 698 839 746; x_wconf 81' lang='lat' dir='ltr'>Datum</span> <span class='ocrx_word' id='word_1_48' title='bbox 856 697 916 746; x_wconf 82' lang='lat' dir='ltr'>inde</span> <span class='ocrx_word' id='word_1_49' title='bbox 989 705 1000 727; x_wconf 65' lang='lat'>⁸</span> 
     </span>
    </p>
   </div>
   <div class='ocr_carea' id='block_1_4' title="bbox 163 769 936 1378">
    <p class='ocr_par' dir='ltr' id='par_1_4' title="bbox 163 769 936 1378">
     <span class='ocr_line' id='line_1_8' title="bbox 166 769 916 837; baseline 0.004 -16"><span class='ocrx_word' id='word_1_50' title='bbox 166 770 296 834; x_wconf 80' lang='lat' dir='ltr'><strong>negotium</strong></span> <span class='ocrx_word' id='word_1_51' title='bbox 312 770 428 833; x_wconf 70' lang='lat' dir='ltr'>edilibus,</span> <span class='ocrx_word' id='word_1_52' title='bbox 453 778 482 819; x_wconf 86' lang='lat' dir='ltr'>ut</span> <span class='ocrx_word' id='word_1_53' title='bbox 498 769 731 836; x_wconf 80' lang='lat' dir='ltr'>animadverterent,</span> <span class='ocrx_word' id='word_1_54' title='bbox 750 786 782 821; x_wconf 89' lang='lat' dir='ltr'>ne</span> <span class='ocrx_word' id='word_1_55' title='bbox 801 773 851 837; x_wconf 87' lang='lat' dir='ltr'>qui,</span> <span class='ocrx_word' id='word_1_56' title='bbox 868 773 916 825; x_wconf 75' lang='lat' dir='ltr'>nin</span> 
     </span>
     <span class='ocr_line' id='line_1_9' title="bbox 166 846 916 916; baseline -0.001 -17"><span class='ocrx_word' id='word_1_57' title='bbox 166 848 275 899; x_wconf 80' lang='lat' dir='ltr'>Romani</span> <span class='ocrx_word' id='word_1_58' title='bbox 293 848 345 912; x_wconf 89' lang='lat' dir='ltr'>Dii,</span> <span class='ocrx_word' id='word_1_59' title='bbox 362 862 411 895; x_wconf 91' lang='lat' dir='ltr'>neu</span> <span class='ocrx_word' id='word_1_60' title='bbox 422 860 472 912; x_wconf 90' lang='lat' dir='ltr'>quo</span> <span class='ocrx_word' id='word_1_61' title='bbox 489 846 540 895; x_wconf 87' lang='lat' dir='ltr'>alio</span> <span class='ocrx_word' id='word_1_62' title='bbox 556 862 635 912; x_wconf 89' lang='lat' dir='ltr'>more,</span> <span class='ocrx_word' id='word_1_63' title='bbox 647 854 721 914; x_wconf 77' lang='lat' dir='ltr'>quam</span> <span class='ocrx_word' id='word_1_64' title='bbox 738 849 828 916; x_wconf 86' lang='lat' dir='ltr'>patrio,</span> <span class='ocrx_word' id='word_1_65' title='bbox 845 848 916 899; x_wconf 59' lang='lat' dir='ltr'>coless</span> 
     </span>
     <span class='ocr_line' id='line_1_10' title="bbox 166 922 916 998; baseline 0.001 -23"><span class='ocrx_word' id='word_1_66' title='bbox 166 936 270 998; x_wconf 59' lang='lat' dir='ltr'>rentur.⁸</span> <span class='ocrx_word' id='word_1_67' title='bbox 286 929 331 976; x_wconf 78' lang='lat' dir='ltr'>Ira</span> <span class='ocrx_word' id='word_1_68' title='bbox 343 922 458 974; x_wconf 77' lang='lat' dir='ltr'>adversus</span> <span class='ocrx_word' id='word_1_69' title='bbox 470 924 586 986; x_wconf 81' lang='lat' dir='ltr'>Vejentes</span> <span class='ocrx_word' id='word_1_70' title='bbox 597 925 623 973; x_wconf 90' lang='lat' dir='ltr'>in</span> <span class='ocrx_word' id='word_1_71' title='bbox 634 924 802 991; x_wconf 81' lang='lat' dir='ltr'>insequentem</span> <span class='ocrx_word' id='word_1_72' title='bbox 812 940 916 993; x_wconf 87' lang='lat' dir='ltr'>annum,</span> 
     </span>
     <span class='ocr_line' id='line_1_11' title="bbox 168 1000 914 1067; baseline -0.001 -14"><span class='ocrx_word' id='word_1_73' title='bbox 168 1006 198 1053; x_wconf 84' lang='lat' dir='ltr'>C.</span> <span class='ocrx_word' id='word_1_74' title='bbox 212 1001 342 1053; x_wconf 82' lang='lat' dir='ltr'>Servilium</span> <span class='ocrx_word' id='word_1_75' title='bbox 355 1000 467 1061; x_wconf 78' lang='lat' dir='ltr'>Ahalam,</span> <span class='ocrx_word' id='word_1_76' title='bbox 484 1002 515 1049; x_wconf 87' lang='lat' dir='ltr'>L.</span> <span class='ocrx_word' id='word_1_77' title='bbox 534 1001 659 1067; x_wconf 85' lang='lat' dir='ltr'>Papirium</span> <span class='ocrx_word' id='word_1_78' title='bbox 674 1003 840 1067; x_wconf 72' lang='lat' dir='ltr'>Mugillanum</span> <span class='ocrx_word' id='word_1_79' title='bbox 851 1017 914 1053; x_wconf 86' lang='lat' dir='ltr'>con·</span> 
     </span>
     <span class='ocr_line' id='line_1_12' title="bbox 165 1076 936 1143; baseline 0 -14"><span class='ocrx_word' id='word_1_80' title='bbox 165 1078 237 1143; x_wconf 78' lang='lat' dir='ltr'>mles,</span> <span class='ocrx_word' id='word_1_81' title='bbox 254 1079 334 1129; x_wconf 81' lang='lat' dir='ltr'>dilatae</span> <span class='ocrx_word' id='word_1_82' title='bbox 345 1079 409 1128; x_wconf 89' lang='lat' dir='ltr'>sunt.</span> <span class='ocrx_word' id='word_1_83' title='bbox 433 1080 510 1125; x_wconf 88' lang='lat' dir='ltr'>Tunc</span> <span class='ocrx_word' id='word_1_84' title='bbox 519 1092 629 1142; x_wconf 90' lang='lat' dir='ltr'>quoque,</span> <span class='ocrx_word' id='word_1_85' title='bbox 640 1093 672 1126; x_wconf 91' lang='lat' dir='ltr'>ne</span> <span class='ocrx_word' id='word_1_86' title='bbox 682 1080 810 1129; x_wconf 79' lang='lat' dir='ltr'>confestim</span> <span class='ocrx_word' id='word_1_87' title='bbox 821 1076 914 1129; x_wconf 79' lang='lat' dir='ltr'>betium</span> <span class='ocrx_word' id='word_1_88' title='bbox 926 1112 936 1123; x_wconf 72' lang='lat'>,</span> 
     </span>
     <span class='ocr_line' id='line_1_13' title="bbox 166 1154 914 1221; baseline -0.003 -15"><span class='ocrx_word' id='word_1_89' title='bbox 166 1156 322 1220; x_wconf 80' lang='lat' dir='ltr'>indiceretur,</span> <span class='ocrx_word' id='word_1_90' title='bbox 340 1171 404 1205; x_wconf 80' lang='lat' dir='ltr'>nere</span> <span class='ocrx_word' id='word_1_91' title='bbox 415 1154 538 1204; x_wconf 80' lang='lat' dir='ltr'>exercitus</span> <span class='ocrx_word' id='word_1_92' title='bbox 551 1156 715 1221; x_wconf 79' lang='lat' dir='ltr'>mitterentur,</span> <span class='ocrx_word' id='word_1_93' title='bbox 731 1156 819 1220; x_wconf 74' lang='lat' dir='ltr'>religio</span> <span class='ocrx_word' id='word_1_94' title='bbox 836 1156 914 1205; x_wconf 79' lang='lat' dir='ltr'>obiti·</span> 
     </span>
     <span class='ocr_line' id='line_1_14' title="bbox 166 1231 917 1301; baseline -0.001 -16"><span class='ocrx_word' id='word_1_95' title='bbox 166 1236 206 1287; x_wconf 86' lang='lat' dir='ltr'>tit.</span> <span class='ocrx_word' id='word_1_96' title='bbox 229 1234 326 1285; x_wconf 82' lang='lat' dir='ltr'>feciales</span> <span class='ocrx_word' id='word_1_97' title='bbox 338 1232 405 1301; x_wconf 81' lang='lat' dir='ltr'>prius</span> <span class='ocrx_word' id='word_1_98' title='bbox 422 1232 556 1282; x_wconf 78' lang='lat' dir='ltr'>mittendos</span> <span class='ocrx_word' id='word_1_99' title='bbox 566 1233 598 1282; x_wconf 78' lang='lat' dir='ltr'>a&#39;d</span> <span class='ocrx_word' id='word_1_100' title='bbox 611 1248 649 1283; x_wconf 78' lang='lat' dir='ltr'>res</span> <span class='ocrx_word' id='word_1_101' title='bbox 663 1234 806 1299; x_wconf 78' lang='lat' dir='ltr'>repetendas</span> <span class='ocrx_word' id='word_1_102' title='bbox 816 1231 917 1285; x_wconf 77' lang='lat' dir='ltr'>censue·</span> 
     </span>
     <span class='ocr_line' id='line_1_15' title="bbox 163 1308 915 1378; baseline -0.004 -12"><span class='ocrx_word' id='word_1_103' title='bbox 163 1326 201 1368; x_wconf 75' lang='lat' dir='ltr'>te.</span> <span class='ocrx_word' id='word_1_104' title='bbox 238 1308 302 1363; x_wconf 85' lang='lat' dir='ltr'>Curti</span> <span class='ocrx_word' id='word_1_105' title='bbox 321 1311 467 1376; x_wconf 76' lang='lat' dir='ltr'>Veientibus</span> <span class='ocrx_word' id='word_1_106' title='bbox 487 1326 566 1378; x_wconf 85' lang='lat' dir='ltr'>nuper</span> <span class='ocrx_word' id='word_1_107' title='bbox 580 1313 633 1360; x_wconf 82' lang='lat' dir='ltr'>acie</span> <span class='ocrx_word' id='word_1_108' title='bbox 652 1311 798 1361; x_wconf 84' lang='lat' dir='ltr'>dimicatum</span> <span class='ocrx_word' id='word_1_109' title='bbox 808 1312 840 1363; x_wconf 89' lang='lat' dir='ltr'>ad</span> <span class='ocrx_word' id='word_1_110' title='bbox 857 1316 915 1363; x_wconf 85' lang='lat' dir='ltr'>No·</span> 
     </span>
    </p>
   </div>
   <div class='ocr_carea' id='block_1_5' title="bbox 164 1389 1003 1457">
    <p class='ocr_par' dir='ltr' id='par_1_5' title="bbox 164 1389 1003 1457">
     <span class='ocr_line' id='line_1_16' title="bbox 164 1389 1003 1457; baseline -0.012 -13"><span class='ocrx_word' id='word_1_111' title='bbox 164 1402 277 1445; x_wconf 85' lang='lat' dir='ltr'>mentum</span> <span class='ocrx_word' id='word_1_112' title='bbox 289 1392 313 1441; x_wconf 75' lang='lat' dir='ltr'>dr</span> <span class='ocrx_word' id='word_1_113' title='bbox 322 1392 425 1440; x_wconf 78' lang='lat' dir='ltr'>Fidenae</span> <span class='ocrx_word' id='word_1_114' title='bbox 436 1389 531 1439; x_wconf 88' lang='lat' dir='ltr'>suerat:</span> <span class='ocrx_word' id='word_1_115' title='bbox 550 1389 703 1454; x_wconf 81' lang='lat' dir='ltr'>inductaque</span> <span class='ocrx_word' id='word_1_116' title='bbox 713 1389 778 1454; x_wconf 88' lang='lat' dir='ltr'>inde,</span> <span class='ocrx_word' id='word_1_117' title='bbox 790 1406 913 1457; x_wconf 81' lang='lat' dir='ltr'>nonpax,</span> <span class='ocrx_word' id='word_1_118' title='bbox 1000 1419 1003 1423; x_wconf 29' lang='grc' dir='ltr'><strong>ι</strong></span> 
     </span>
    </p>
   </div>
   <div class='ocr_carea' id='block_1_6' title="bbox 163 1458 940 2235">
    <p class='ocr_par' dir='ltr' id='par_1_6' title="bbox 163 1458 940 2235">
     <span class='ocr_line' id='line_1_17' title="bbox 165 1458 924 1536; baseline -0.005 -13"><span class='ocrx_word' id='word_1_119' title='bbox 165 1472 237 1535; x_wconf 67' lang='lat' dir='ltr'>salia,</span> <span class='ocrx_word' id='word_1_120' title='bbox 255 1458 358 1536; x_wconf 84' lang='lat' dir='ltr'>quarum</span> <span class='ocrx_word' id='word_1_121' title='bbox 373 1470 398 1518; x_wconf 73' lang='grc' dir='ltr'><strong>ἃ</strong></span> <span class='ocrx_word' id='word_1_122' title='bbox 412 1468 463 1519; x_wconf 80' lang='lat' dir='ltr'>dies</span> <span class='ocrx_word' id='word_1_123' title='bbox 475 1467 579 1529; x_wconf 84' lang='lat' dir='ltr'>exierat,</span> <span class='ocrx_word' id='word_1_124' title='bbox 596 1467 621 1515; x_wconf 73' lang='grc' dir='ltr'><strong>ἃ</strong></span> <span class='ocrx_word' id='word_1_125' title='bbox 632 1467 766 1516; x_wconf 86' lang='lat' dir='ltr'>antediem</span> <span class='ocrx_word' id='word_1_126' title='bbox 776 1469 924 1519; x_wconf 54' lang='lat' dir='ltr'>rebellare.</span> 
     </span>
     <span class='ocr_line' id='line_1_18' title="bbox 165 1544 917 1609; baseline -0.007 -7"><span class='ocrx_word' id='word_1_127' title='bbox 165 1562 230 1603; x_wconf 87' lang='lat' dir='ltr'>rant.</span> <span class='ocrx_word' id='word_1_128' title='bbox 263 1546 330 1597; x_wconf 80' lang='lat' dir='ltr'>Miffi</span> <span class='ocrx_word' id='word_1_129' title='bbox 347 1557 429 1596; x_wconf 81' lang='lat' dir='ltr'>tamen</span> <span class='ocrx_word' id='word_1_130' title='bbox 445 1544 561 1593; x_wconf 70' lang='lat' dir='ltr'>feciales:</span> <span class='ocrx_word' id='word_1_131' title='bbox 578 1558 624 1592; x_wconf 89' lang='lat' dir='ltr'>nec</span> <span class='ocrx_word' id='word_1_132' title='bbox 640 1558 736 1607; x_wconf 87' lang='lat' dir='ltr'>eorum,</span> <span class='ocrx_word' id='word_1_133' title='bbox 753 1560 830 1609; x_wconf 85' lang='lat' dir='ltr'>quum</span> <span class='ocrx_word' id='word_1_134' title='bbox 841 1560 917 1597; x_wconf 81' lang='lat' dir='ltr'>more</span> 
     </span>
     <span class='ocr_line' id='line_1_19' title="bbox 165 1620 915 1701; baseline -0.007 -24"><span class='ocrx_word' id='word_1_135' title='bbox 165 1626 264 1701; x_wconf 83' lang='lat' dir='ltr'>patrum</span> <span class='ocrx_word' id='word_1_136' title='bbox 273 1624 349 1688; x_wconf 87' lang='lat' dir='ltr'>jurati</span> <span class='ocrx_word' id='word_1_137' title='bbox 360 1632 495 1690; x_wconf 84' lang='lat' dir='ltr'>repeterent</span> <span class='ocrx_word' id='word_1_138' title='bbox 506 1636 553 1683; x_wconf 82' lang='lat' dir='ltr'>rea,</span> <span class='ocrx_word' id='word_1_139' title='bbox 570 1620 648 1670; x_wconf 87' lang='lat' dir='ltr'>verba</span> <span class='ocrx_word' id='word_1_140' title='bbox 663 1620 718 1669; x_wconf 90' lang='lat' dir='ltr'>sunt</span> <span class='ocrx_word' id='word_1_141' title='bbox 732 1620 825 1671; x_wconf 86' lang='lat' dir='ltr'>audita.</span> <span class='ocrx_word' id='word_1_142' title='bbox 844 1626 915 1672; x_wconf 81' lang='lat' dir='ltr'>Con·</span> 
     </span>
     <span class='ocr_line' id='line_1_20' title="bbox 165 1697 916 1767; baseline -0.008 -10"><span class='ocrx_word' id='word_1_143' title='bbox 165 1703 284 1757; x_wconf 71' lang='lat' dir='ltr'>troversia</span> <span class='ocrx_word' id='word_1_144' title='bbox 303 1701 359 1752; x_wconf 88' lang='lat' dir='ltr'>inde</span> <span class='ocrx_word' id='word_1_145' title='bbox 380 1700 437 1764; x_wconf 90' lang='lat' dir='ltr'>fuit,</span> <span class='ocrx_word' id='word_1_146' title='bbox 461 1704 547 1749; x_wconf 80' lang='lat' dir='ltr'>utrum</span> <span class='ocrx_word' id='word_1_147' title='bbox 569 1700 654 1767; x_wconf 86' lang='lat' dir='ltr'>populi</span> <span class='ocrx_word' id='word_1_148' title='bbox 674 1697 740 1763; x_wconf 77' lang='lat' dir='ltr'>jussu</span> <span class='ocrx_word' id='word_1_149' title='bbox 763 1700 916 1752; x_wconf 84' lang='lat' dir='ltr'>indiceretur</span> 
     </span>
     <span class='ocr_line' id='line_1_21' title="bbox 164 1775 917 1844; baseline -0.004 -12"><span class='ocrx_word' id='word_1_150' title='bbox 164 1781 265 1844; x_wconf 87' lang='lat' dir='ltr'>bellum,</span> <span class='ocrx_word' id='word_1_151' title='bbox 287 1794 320 1829; x_wconf 83' lang='lat' dir='ltr'>an</span> <span class='ocrx_word' id='word_1_152' title='bbox 342 1778 398 1829; x_wconf 78' lang='lat' dir='ltr'>satis</span> <span class='ocrx_word' id='word_1_153' title='bbox 423 1777 482 1827; x_wconf 87' lang='lat' dir='ltr'>esset</span> <span class='ocrx_word' id='word_1_154' title='bbox 503 1775 747 1827; x_wconf 83' lang='lat' dir='ltr'>senatusconsultum.</span> <span class='ocrx_word' id='word_1_155' title='bbox 782 1778 917 1829; x_wconf 74' lang='lat' dir='ltr'>Per-cicere</span> 
     </span>
     <span class='ocr_line' id='line_1_22' title="bbox 165 1853 915 1923; baseline -0.008 -12"><span class='ocrx_word' id='word_1_156' title='bbox 165 1860 267 1923; x_wconf 81' lang='lat' dir='ltr'>tribunt,</span> <span class='ocrx_word' id='word_1_157' title='bbox 279 1856 450 1908; x_wconf 84' lang='lat' dir='ltr'>denunciando</span> <span class='ocrx_word' id='word_1_158' title='bbox 459 1856 622 1922; x_wconf 80' lang='lat' dir='ltr'>impedituros</span> <span class='ocrx_word' id='word_1_159' title='bbox 633 1854 657 1905; x_wconf 92' lang='lat' dir='ltr'>se</span> <span class='ocrx_word' id='word_1_160' title='bbox 668 1853 796 1917; x_wconf 73' lang='lat' dir='ltr'>deledium,</span> <span class='ocrx_word' id='word_1_161' title='bbox 812 1864 843 1903; x_wconf 88' lang='lat' dir='ltr'>ut</span> <span class='ocrx_word' id='word_1_162' title='bbox 850 1857 915 1905; x_wconf 60' lang='lat' dir='ltr'>coti·¹</span> 
     </span>
     <span class='ocr_line' id='line_1_23' title="bbox 166 1933 917 2003; baseline -0.005 -14"><span class='ocrx_word' id='word_1_163' title='bbox 166 1940 228 1991; x_wconf 83' lang='lat' dir='ltr'>sules</span> <span class='ocrx_word' id='word_1_164' title='bbox 245 1938 275 1988; x_wconf 91' lang='lat' dir='ltr'>de</span> <span class='ocrx_word' id='word_1_165' title='bbox 292 1936 358 1986; x_wconf 91' lang='lat' dir='ltr'>bello</span> <span class='ocrx_word' id='word_1_166' title='bbox 377 1936 408 1986; x_wconf 88' lang='lat' dir='ltr'>ad</span> <span class='ocrx_word' id='word_1_167' title='bbox 428 1936 549 2003; x_wconf 88' lang='lat' dir='ltr'>populum</span> <span class='ocrx_word' id='word_1_168' title='bbox 567 1934 668 1984; x_wconf 76' lang='lat' dir='ltr'>serrem.</span> <span class='ocrx_word' id='word_1_169' title='bbox 693 1946 780 1984; x_wconf 71' lang='lat' dir='ltr'>omues</span> <span class='ocrx_word' id='word_1_170' title='bbox 795 1933 917 1985; x_wconf 74' lang='lat' dir='ltr'>centmiae</span> 
     </span>
     <span class='ocr_line' id='line_1_24' title="bbox 163 2009 914 2084; baseline -0.008 -17"><span class='ocrx_word' id='word_1_171' title='bbox 163 2012 261 2084; x_wconf 71' lang='lat' dir='ltr'>iussere.</span> <span class='ocrx_word' id='word_1_172' title='bbox 295 2016 326 2065; x_wconf 88' lang='lat' dir='ltr'>In</span> <span class='ocrx_word' id='word_1_173' title='bbox 342 2030 373 2065; x_wconf 91' lang='lat' dir='ltr'>eo</span> <span class='ocrx_word' id='word_1_174' title='bbox 390 2028 489 2079; x_wconf 89' lang='lat' dir='ltr'>quoque</span> <span class='ocrx_word' id='word_1_175' title='bbox 505 2012 574 2081; x_wconf 80' lang='lat' dir='ltr'>plebe</span> <span class='ocrx_word' id='word_1_176' title='bbox 589 2010 702 2079; x_wconf 89' lang='lat' dir='ltr'>superior</span> <span class='ocrx_word' id='word_1_177' title='bbox 719 2009 776 2073; x_wconf 85' lang='lat' dir='ltr'>suit,</span> <span class='ocrx_word' id='word_1_178' title='bbox 793 2009 859 2075; x_wconf 75' lang='lat' dir='ltr'>quod</span> <span class='ocrx_word' id='word_1_179' title='bbox 876 2020 914 2061; x_wconf 85' lang='lat' dir='ltr'>te·</span> 
     </span>
     <span class='ocr_line' id='line_1_25' title="bbox 165 2092 851 2160; baseline -0.016 -13"><span class='ocrx_word' id='word_1_180' title='bbox 165 2097 228 2159; x_wconf 77' lang='lat' dir='ltr'>nuit,</span> <span class='ocrx_word' id='word_1_181' title='bbox 246 2110 276 2144; x_wconf 92' lang='lat' dir='ltr'>ne</span> <span class='ocrx_word' id='word_1_182' title='bbox 288 2092 398 2144; x_wconf 85' lang='lat' dir='ltr'>consules</span> <span class='ocrx_word' id='word_1_183' title='bbox 409 2092 435 2142; x_wconf 89' lang='lat' dir='ltr'>in</span> <span class='ocrx_word' id='word_1_184' title='bbox 446 2093 589 2160; x_wconf 86' lang='lat' dir='ltr'>proximum</span> <span class='ocrx_word' id='word_1_185' title='bbox 600 2105 692 2139; x_wconf 89' lang='lat' dir='ltr'>annum</span> <span class='ocrx_word' id='word_1_186' title='bbox 702 2098 851 2139; x_wconf 77' lang='lat' dir='ltr'>mearentur.</span> 
     </span>
     <span class='ocr_line' id='line_1_26' title="bbox 200 2166 940 2235; baseline -0.014 -11"><span class='ocrx_word' id='word_1_187' title='bbox 200 2176 300 2224; x_wconf 86' lang='lat' dir='ltr'>XXXI.</span> <span class='ocrx_word' id='word_1_188' title='bbox 318 2172 427 2221; x_wconf 81' lang='lat' dir='ltr'>Tribuni</span> <span class='ocrx_word' id='word_1_189' title='bbox 444 2172 551 2220; x_wconf 87' lang='lat' dir='ltr'>militum</span> <span class='ocrx_word' id='word_1_190' title='bbox 563 2168 684 2220; x_wconf 79' lang='lat' dir='ltr'>consulari</span> <span class='ocrx_word' id='word_1_191' title='bbox 696 2168 814 2235; x_wconf 85' lang='lat' dir='ltr'>potestate</span> <span class='ocrx_word' id='word_1_192' title='bbox 825 2175 916 2233; x_wconf 84' lang='lat' dir='ltr'>quatu·</span> <span class='ocrx_word' id='word_1_193' title='bbox 933 2166 940 2176; x_wconf 89' lang='grc'><strong>’</strong></span> 
     </span>
    </p>
   </div>
   <div class='ocr_carea' id='block_1_7' title="bbox 165 2240 916 2386">
    <p class='ocr_par' dir='ltr' id='par_1_7' title="bbox 165 2240 916 2386">
     <span class='ocr_line' id='line_1_27' title="bbox 165 2240 912 2311; baseline -0.012 -10"><span class='ocrx_word' id='word_1_194' title='bbox 165 2240 196 2303; x_wconf 83' lang='lat' dir='ltr'>or</span> <span class='ocrx_word' id='word_1_195' title='bbox 207 2252 281 2300; x_wconf 81' lang='lat' dir='ltr'>creati</span> <span class='ocrx_word' id='word_1_196' title='bbox 293 2247 357 2311; x_wconf 90' lang='lat' dir='ltr'>sunt,</span> <span class='ocrx_word' id='word_1_197' title='bbox 376 2252 411 2298; x_wconf 88' lang='lat' dir='ltr'>T.</span> <span class='ocrx_word' id='word_1_198' title='bbox 428 2246 559 2309; x_wconf 76' lang='lat' dir='ltr'>Quinilius</span> <span class='ocrx_word' id='word_1_199' title='bbox 570 2250 665 2294; x_wconf 84' lang='lat' dir='ltr'>Pennus</span> <span class='ocrx_word' id='word_1_200' title='bbox 679 2260 713 2294; x_wconf 85' lang='lat' dir='ltr'>ex</span> <span class='ocrx_word' id='word_1_201' title='bbox 727 2244 862 2306; x_wconf 85' lang='lat' dir='ltr'>consulatu,</span> <span class='ocrx_word' id='word_1_202' title='bbox 881 2246 912 2292; x_wconf 84' lang='lat' dir='ltr'>C.</span> 
     </span>
     <span class='ocr_line' id='line_1_28' title="bbox 166 2316 916 2386; baseline -0.012 -10"><span class='ocrx_word' id='word_1_203' title='bbox 166 2326 261 2386; x_wconf 82' lang='lat' dir='ltr'>Furius,</span> <span class='ocrx_word' id='word_1_204' title='bbox 279 2324 317 2370; x_wconf 87' lang='lat' dir='ltr'>M.</span> <span class='ocrx_word' id='word_1_205' title='bbox 341 2322 484 2381; x_wconf 77' lang='lat' dir='ltr'>Postumius,</span> <span class='ocrx_word' id='word_1_206' title='bbox 509 2324 542 2367; x_wconf 80' lang='lat' dir='ltr'>A.</span> <span class='ocrx_word' id='word_1_207' title='bbox 566 2321 696 2368; x_wconf 81' lang='lat' dir='ltr'>Cornelius</span> <span class='ocrx_word' id='word_1_208' title='bbox 719 2318 812 2372; x_wconf 76' lang='lat' dir='ltr'>Coffirs.</span> <span class='ocrx_word' id='word_1_209' title='bbox 830 2332 864 2367; x_wconf 86' lang='lat' dir='ltr'>ex</span> <span class='ocrx_word' id='word_1_210' title='bbox 882 2316 916 2367; x_wconf 71' lang='lat' dir='ltr'>iis</span> 
     </span>
    </p>
   </div>
   <div class='ocr_carea' id='block_1_8' title="bbox 96 2395 915 3015">
    <p class='ocr_par' dir='ltr' id='par_1_8' title="bbox 96 2395 915 2697">
     <span class='ocr_line' id='line_1_29' title="bbox 167 2395 914 2467; baseline -0.009 -16"><span class='ocrx_word' id='word_1_211' title='bbox 167 2401 252 2451; x_wconf 84' lang='lat' dir='ltr'>cossus</span> <span class='ocrx_word' id='word_1_212' title='bbox 264 2396 360 2467; x_wconf 88' lang='lat' dir='ltr'>praesuit</span> <span class='ocrx_word' id='word_1_213' title='bbox 369 2396 433 2445; x_wconf 90' lang='lat' dir='ltr'>urbi.</span> <span class='ocrx_word' id='word_1_214' title='bbox 457 2408 515 2457; x_wconf 84' lang='lat' dir='ltr'>tres,</span> <span class='ocrx_word' id='word_1_215' title='bbox 528 2396 622 2444; x_wconf 72' lang='lat' dir='ltr'>deleiiu</span> <span class='ocrx_word' id='word_1_216' title='bbox 634 2397 729 2460; x_wconf 89' lang='lat' dir='ltr'>habito,</span> <span class='ocrx_word' id='word_1_217' title='bbox 742 2395 844 2464; x_wconf 74' lang='lat' dir='ltr'>profesti</span> <span class='ocrx_word' id='word_1_218' title='bbox 857 2396 914 2444; x_wconf 86' lang='lat' dir='ltr'>sunt</span> 
     </span>
     <span class='ocr_line' id='line_1_30' title="bbox 166 2470 913 2541; baseline -0.005 -16"><span class='ocrx_word' id='word_1_219' title='bbox 166 2476 251 2541; x_wconf 69' lang='lat' dir='ltr'>Veios,</span> <span class='ocrx_word' id='word_1_220' title='bbox 277 2474 474 2537; x_wconf 84' lang='lat' dir='ltr'>documentoque</span> <span class='ocrx_word' id='word_1_221' title='bbox 484 2470 561 2533; x_wconf 88' lang='lat' dir='ltr'>suere,</span> <span class='ocrx_word' id='word_1_222' title='bbox 578 2476 651 2535; x_wconf 79' lang='lat' dir='ltr'>quarn</span> <span class='ocrx_word' id='word_1_223' title='bbox 663 2472 771 2538; x_wconf 89' lang='lat' dir='ltr'>plurium</span> <span class='ocrx_word' id='word_1_224' title='bbox 780 2471 913 2538; x_wconf 86' lang='lat' dir='ltr'>imperium</span> 
     </span>
     <span class='ocr_line' id='line_1_31' title="bbox 165 2543 915 2614; baseline -0.012 -12"><span class='ocrx_word' id='word_1_225' title='bbox 165 2552 231 2602; x_wconf 86' lang='lat' dir='ltr'>bello</span> <span class='ocrx_word' id='word_1_226' title='bbox 243 2551 328 2601; x_wconf 89' lang='lat' dir='ltr'>inutile</span> <span class='ocrx_word' id='word_1_227' title='bbox 340 2546 406 2599; x_wconf 86' lang='lat' dir='ltr'>esset.</span> <span class='ocrx_word' id='word_1_228' title='bbox 441 2546 582 2597; x_wconf 87' lang='lat' dir='ltr'>Tendendo</span> <span class='ocrx_word' id='word_1_229' title='bbox 593 2546 624 2595; x_wconf 87' lang='lat' dir='ltr'>ad</span> <span class='ocrx_word' id='word_1_230' title='bbox 639 2546 680 2596; x_wconf 88' lang='lat' dir='ltr'>sua</span> <span class='ocrx_word' id='word_1_231' title='bbox 692 2548 793 2614; x_wconf 89' lang='lat' dir='ltr'>quisque</span> <span class='ocrx_word' id='word_1_232' title='bbox 805 2543 915 2610; x_wconf 76' lang='lat' dir='ltr'>consilia,</span> 
     </span>
     <span class='ocr_line' id='line_1_32' title="bbox 96 2622 913 2697; baseline -0.01 -18"><span class='ocrx_word' id='word_1_233' title='bbox 96 2690 99 2697; x_wconf 37' lang='grc' dir='ltr'>Ι</span> <span class='ocrx_word' id='word_1_234' title='bbox 166 2644 243 2695; x_wconf 90' lang='lat' dir='ltr'>quum</span> <span class='ocrx_word' id='word_1_235' title='bbox 254 2626 320 2677; x_wconf 82' lang='lat' dir='ltr'>aliud</span> <span class='ocrx_word' id='word_1_236' title='bbox 337 2625 378 2677; x_wconf 89' lang='lat' dir='ltr'>alii</span> <span class='ocrx_word' id='word_1_237' title='bbox 390 2622 523 2685; x_wconf 85' lang='lat' dir='ltr'>videretur,</span> <span class='ocrx_word' id='word_1_238' title='bbox 540 2637 690 2689; x_wconf 85' lang='lat' dir='ltr'>aperuerunt</span> <span class='ocrx_word' id='word_1_239' title='bbox 708 2624 739 2673; x_wconf 88' lang='lat' dir='ltr'>ad</span> <span class='ocrx_word' id='word_1_240' title='bbox 759 2623 913 2674; x_wconf 79' lang='lat' dir='ltr'>occafionenr</span> 
     </span>
    </p>

    <p class='ocr_par' dir='ltr' id='par_1_9' title="bbox 165 2698 915 3001">
     <span class='ocr_line' id='line_1_33' title="bbox 165 2698 914 2765; baseline -0.015 -10"><span class='ocrx_word' id='word_1_241' title='bbox 165 2706 249 2757; x_wconf 83' lang='lat' dir='ltr'>locum</span> <span class='ocrx_word' id='word_1_242' title='bbox 261 2704 332 2754; x_wconf 86' lang='lat' dir='ltr'>hosti.</span> <span class='ocrx_word' id='word_1_243' title='bbox 356 2704 474 2753; x_wconf 85' lang='lat' dir='ltr'>incertam</span> <span class='ocrx_word' id='word_1_244' title='bbox 486 2715 592 2763; x_wconf 86' lang='lat' dir='ltr'>namque</span> <span class='ocrx_word' id='word_1_245' title='bbox 602 2702 688 2764; x_wconf 86' lang='lat' dir='ltr'>aciem,</span> <span class='ocrx_word' id='word_1_246' title='bbox 705 2700 799 2765; x_wconf 83' lang='lat' dir='ltr'>sgnum</span> <span class='ocrx_word' id='word_1_247' title='bbox 808 2700 861 2748; x_wconf 85' lang='lat' dir='ltr'>aliis</span> <span class='ocrx_word' id='word_1_248' title='bbox 872 2698 914 2747; x_wconf 63' lang='lat' dir='ltr'>da-</span> 
     </span>
     <span class='ocr_line' id='line_1_34' title="bbox 165 2776 915 2845; baseline -0.013 -12"><span class='ocrx_word' id='word_1_249' title='bbox 165 2782 187 2833; x_wconf 85' lang='lat' dir='ltr'>ri</span> <span class='ocrx_word' id='word_1_250' title='bbox 207 2782 324 2845; x_wconf 89' lang='lat' dir='ltr'>receptui,</span> <span class='ocrx_word' id='word_1_251' title='bbox 342 2780 396 2829; x_wconf 78' lang='lat' dir='ltr'>aliis</span> <span class='ocrx_word' id='word_1_252' title='bbox 413 2780 467 2830; x_wconf 87' lang='lat' dir='ltr'>canl</span> <span class='ocrx_word' id='word_1_253' title='bbox 482 2776 634 2839; x_wconf 78' lang='lat' dir='ltr'>jubentibus,</span> <span class='ocrx_word' id='word_1_254' title='bbox 653 2776 764 2828; x_wconf 81' lang='lat' dir='ltr'>invasere</span> <span class='ocrx_word' id='word_1_255' title='bbox 774 2778 915 2843; x_wconf 70' lang='lat' dir='ltr'>opportune</span> 
     </span>
     <span class='ocr_line' id='line_1_35' title="bbox 166 2852 913 2920; baseline -0.008 -14"><span class='ocrx_word' id='word_1_256' title='bbox 166 2856 299 2919; x_wconf 76' lang='lat' dir='ltr'>Veientes:</span> <span class='ocrx_word' id='word_1_257' title='bbox 317 2855 392 2905; x_wconf 86' lang='lat' dir='ltr'>casira</span> <span class='ocrx_word' id='word_1_258' title='bbox 409 2855 547 2920; x_wconf 88' lang='lat' dir='ltr'>propinqua</span> <span class='ocrx_word' id='word_1_259' title='bbox 563 2855 677 2903; x_wconf 85' lang='lat' dir='ltr'>turbatos</span> <span class='ocrx_word' id='word_1_260' title='bbox 692 2870 722 2902; x_wconf 85' lang='lat' dir='ltr'>ac</span> <span class='ocrx_word' id='word_1_261' title='bbox 741 2864 810 2916; x_wconf 83' lang='lat' dir='ltr'>terga</span> <span class='ocrx_word' id='word_1_262' title='bbox 826 2852 913 2901; x_wconf 73' lang='lat' dir='ltr'>dantes</span> 
     </span>
     <span class='ocr_line' id='line_1_36' title="bbox 166 2930 913 3015; baseline -0.01 -31"><span class='ocrx_word' id='word_1_263' title='bbox 166 2946 290 3015; x_wconf 78' lang='lat' dir='ltr'>accepere.</span> <span class='ocrx_word' id='word_1_264' title='bbox 314 2932 624 3001; x_wconf 76' lang='lat' dir='ltr'>plrrsitaqueignominiae,</span> <span class='ocrx_word' id='word_1_265' title='bbox 642 2930 808 2995; x_wconf 77' lang='lat' dir='ltr'>quamcladis,</span> <span class='ocrx_word' id='word_1_266' title='bbox 825 2930 913 2978; x_wconf 61' lang='lat' dir='ltr'>eslacss</span> 
     </span>
    </p>
   </div>
   <div class='ocr_carea' id='block_1_9' title="bbox 164 2969 912 3145">
    <p class='ocr_par' dir='ltr' id='par_1_10' title="bbox 164 2969 912 3145">
     <span class='ocr_line' id='line_1_37' title="bbox 164 2969 912 3132; baseline -0.02 -64"><span class='ocrx_word' id='word_1_267' title='bbox 164 3020 276 3129; x_wconf 62' lang='lat' dir='ltr'>septum</span> <span class='ocrx_word' id='word_1_268' title='bbox 301 3006 556 3075; x_wconf 78' lang='lat' dir='ltr'>Metacnitastuit,</span> <span class='ocrx_word' id='word_1_269' title='bbox 572 3022 641 3061; x_wconf 72' lang='lat' dir='ltr'>vinci</span> <span class='ocrx_word' id='word_1_270' title='bbox 652 3006 761 3059; x_wconf 76' lang='lat' dir='ltr'>insueta</span> <span class='ocrx_word' id='word_1_271' title='bbox 779 2969 912 3132; x_wconf 60' lang='lat' dir='ltr'>indigeni-</span> 
     </span>
     <span class='ocr_line' id='line_1_38' title="bbox 839 3095 911 3145; baseline 0.042 -16"><span class='ocrx_word' id='word_1_272' title='bbox 839 3095 911 3145; x_wconf 79' lang='lat' dir='ltr'>unos,</span> 
     </span>
    </p>
   </div>
   <div class='ocr_carea' id='block_1_10' title="bbox 0 0 1064 3642">
    <p class='ocr_par' dir='ltr' id='par_1_11' title="bbox 0 0 1064 3642">
     <span class='ocr_line' id='line_1_39' title="bbox 0 0 1064 3642; baseline 0 1"><span class='ocrx_word' id='word_1_273' title='bbox 0 0 1064 3642; x_wconf 95' lang='lat' dir='ltr'> </span> 
     </span>
    </p>
   </div>
  </div>
 </body>
</html>
