2117 3642
190 177 234 225 ‘do
444 170 495 226 ιτ.
528 174 553 227 L
570 174 584 228 1
600 168 655 228 v't
671 166 685 228 l

198 274 237 315 rer
247 261 373 316 oeulotad
384 278 497 333 proceres
508 266 678 332 Etruseorum,
696 280 761 317 nunc
772 266 892 333 lingulos
909 284 985 338 pro-

187 358 301 407 ·voeare‚
319 358 384 395 nune
402 344 528 413 increpare
543 360 637 409 onmes,
655 347 754 396 Servitia
767 362 844 413 regum
850 349 984 415 superbo-

198 436 256 483 rton,
268 424 312 484 sua
321 420 427 470 libertarit
437 422 581 485 immemores,
599 423 692 471 alierum
708 428 858 491 oppugnatum
870 427 980 476 venire.

201 498 315 548 cundati
326 500 478 565 aliquamdiu
487 500 550 564 sunt,
562 499 621 550 dum
633 502 693 551 alius
702 501 786 565 alium,
797 513 825 551 ut
837 502 977 569 proelium
1025 556 1026 575 ,

198 576 327 644 incipiant,
339 577 549 646 circumspeilant.
584 574 762 647 pudor‘deinde
773 583 932 631 commovit
944 599 976 632 a·

198 654 272 718 ciern,
290 656 324 718 de,
341 656 448 705 clamore
464 656 568 721 sublato,
585 656 694 723 undique
711 658 737 707 in
756 672 834 707 unum
858 658 969 710 hostem

199 730 250 780 tela
259 731 405 794 conjiciunt.
441 736 504 797 Qua
522 745 601 797 quum
615 733 640 781 in
658 730 757 795 objeilo
773 732 862 783 cundia
886 734 970 785 scuto

199 807 324 874 belillent,
341 809 421 875 neque
438 812 479 860 ille
494 810 576 859 minos
588 810 722 859 obstinatus
737 810 830 873 ingenti
848 823 968 879 pontem

199 888 324 940 obtineret
340 889 425 955 gradu,
439 892 492 955 jam
504 890 598 956 impetu
610 888 763 939 conabantur
773 888 910 939 detrudere
921 892 965 941 vi-

199 984 273 1029 rurn3
292 984 370 1035 quum
389 968 459 1019 fimul
473 968 565 1036 fragor
582 968 650 1035 ntpti
667 968 758 1035 pontia,
775 966 845 1017 simul
858 969 964 1019 clamor

200 1047 383 1112 Romanorum,
400 1048 526 1097 alacritate
538 1044 638 1115 pertetti
649 1045 731 1113 operit
743 1043 964 1115 sublatus,pavo·

199 1138 229 1175 re
240 1122 322 1176 subito
333 1127 454 1192 impetum
466 1126 586 1175 sustinuit.
616 1126 687 1173 Tum
699 1122 794 1186 cocles,
802 1124 909 1174 Tiberine
913 1136 962 1193 pa·

199 1211 243 1266 rer,
261 1204 351 1267 inquit,
368 1212 390 1251 te
401 1204 470 1257 sande
476 1215 562 1271 precor,
580 1201 620 1251 lie
630 1216 694 1251 arma
702 1202 729 1253 θ
737 1199 790 1251 bunc
798 1200 893 1252 militem
900 1214 960 1269 pro·

197 1278 257 1345 pilio
267 1280 359 1341 flumine
374 1282 476 1349 accipiat.
511 1282 550 1330 Ita
562 1278 594 1328 ste
607 1272 715 1329 armatus
726 1279 753 1328 in
766 1279 883 1330 Tiberim
896 1272 961 1331 deli-

194 1352 264 1415 „luit5
280 1355 413 1422 multisque
432 1355 505 1424 super
522 1354 687 1407 incidentibus
706 1354 759 1405 telis
776 1355 908 1406 incolumis
925 1354 960 1407 ad

189 1431 261 1484 -tuoa
272 1435 390 1499 tranavit,
407 1452 460 1486 rein
468 1434 539 1485 atilur
548 1436 602 1503 plut
610 1432 682 1485 fama
690 1433 829 1485 babituram
838 1433 869 1484 ad
879 1435 960 1501 poste-

202 1522 254 1575 ros,
271 1516 345 1577 quam
360 1511 427 1561 fidet.
462 1514 542 1561 Grata
556 1526 614 1575 erga
625 1520 719 1561 tantam
735 1512 853 1561 viturtern
864 1511 957 1563 civiter

189 1589 267 1644 tuit:
285 1588 361 1639 statua
373 1590 398 1643 in
409 1589 514 1641 comitio
532 1589 619 1657 posita,
635 1590 690 1654 agri
706 1597 827 1655 quantum
842 1604 895 1639 uno
912 1590 957 1641 die

201 1668 387 1731 circumaravit,
403 1666 498 1717 datum.
533 1669 633 1720 Ptitata
644 1680 745 1735 quoque
756 1668 820 1717 inter
836 1668 953 1733 publicos

190 1744 314 1796 -itonoren
329 1746 406 1795 studia
416 1746 567 1798 eminebant.
595 1762 654 1797 narn
671 1746 697 1795 in
708 1756 798 1810 magna
813 1746 896 1814 inopia
906 1762 955 1815 pro

190 1822 342 1875 dornellicia
362 1825 441 1893 copiis
457 1825 623 1895 unusquisque
639 1826 663 1876 ei
682 1822 783 1911 aliquid,
800 1824 912 1932 fraudans
925 1824 953 1877 fe

205 1902 258 1973 ipse
268 1904 336 1955 vistu
347 1905 400 1971 luo,
418 1906 533 1964 contidit.

169 1990 172 1995 ’
190 2002 195 2009 ·
240 1987 288 2035 xt.
305 1984 420 2052 Porsena,
431 1988 514 2056 primo
525 1997 616 2039 conatu
625 1986 744 2057 repulsus,
756 1984 859 2038 consiliis
866 1985 896 2035 ab
904 1998 951 2055 op·

205 2066 338 2136 pugnanda
348 2065 412 2117 urbe
420 2066 451 2117 ad
463 2067 620 2120 obsidendam
632 2066 714 2133 versis,
731 2064 841 2134 praesidio
852 2066 874 2117 in
883 2064 950 2131 Jani·

189 2144 263 2196 *culo
279 2137 371 2210 locato,
389 2145 440 2213 ipse
455 2146 481 2196 in
497 2148 572 2213 plano
590 2146 697 2213 ripisque
713 2143 813 2195 Tiberis
823 2143 894 2193 castra
904 2156 949 2210 po·

188 2228 192 2234 ’
204 2219 272 2281 suin
289 2221 512 2285 navibueundique
522 2222 615 2285 accitis,
628 2222 652 2269 ἃ
664 2220 695 2267 ad
704 2220 844 2283 custodiam,
856 2217 951 2285 nequid

191 2299 316 2350 ‘Romam
326 2296 444 2346 immenti
460 2295 565 2346 subvehi
577 2296 671 2359 sineret,
689 2295 756 2363 deut¹
763 2297 893 2362 praedatum
903 2292 961 2346 nti-⁸

190 2374 263 2424 lites
274 2382 341 2423 trans
357 2374 449 2422 flumen
460 2388 505 2439 per
520 2371 597 2421 occas
600 2370 665 2421 orre'r
676 2371 728 2421 aliis
746 2382 820 2439 atque
832 2374 881 2423 allis
891 2372 949 2423 locis
962 2407 967 2413 -

190 2453 347 2517 trajiceret:
364 2451 494 2516 brevique
498 2451 561 2501 adeo
573 2438 690 2501 infestum
702 2466 802 2502 ornnem
814 2453 948 2502 Romanum

193 2538 296 2598 'agrum
310 2528 426 2603 reddidit,
442 2540 471 2606 nt
482 2545 534 2580 non
545 2536 625 2579 'cetera
636 2529 716 2579 solum
727 2544 760 2580 ex
770 2530 843 2596 agris,
859 2526 895 2579 scd
907 2544 948 2597 pe

191 2624 194 2630 ’
208 2624 252 2663 cus
263 2597 448 2680 quoqueomne
457 2607 580 2657 inuibem
594 2594 789 2675 eon'tpellererur,
806 2620 881 2671 neque
888 2605 986 2671 quis

208 2704 286 2755 quam
293 2698 364 2737 extra
376 2696 459 2753 portas
466 2684 604 2753 propellere
615 2682 723 2734 auderet.
758 2686 814 2733 Hoc
823 2693 910 2733 tantum
920 2682 950 2732 li·
1025 2716 1026 2741 ,

189 2782 193 2789 ¹
208 2766 295 2816 centiae
303 2763 418 2826 Etmscin
425 2780 476 2813 non
483 2772 552 2813 metu
563 2762 656 2825 magis,
658 2766 731 2827 quim
731 2759 847 2826 consilio,
856 2758 946 2810 conces·
1025 2752 1026 2821 ι

191 2841 273 2894 ium
290 2856 400 2910 namque
407 2841 519 2891 Valerius
528 2836 622 2903 consul,
639 2838 747 2889 intentus
761 2838 788 2887 in
805 2836 945 2889 occasionem

192 2936 197 2943 ·
207 2915 301 2971 multos
312 2915 381 2965 lirnul
391 2916 417 2965 ἃ
425 2914 514 2965 effusor
529 2915 668 2983 improvisb
678 2913 843 2977 adoriundi,
837 2930 860 2961 ιιι
870 2912 945 2979 patria

207 2991 284 3047 rebor
295 2992 429 3059 negligent
433 2983 510 3057 ultor,
526 3001 630 3059 gravem
641 2990 666 3044 le
677 2988 708 3042 ad
722 2999 818 3055 maiora
831 2986 984 3114 rindlcsen

221 3097 230 3109 -
580 3100 588 3109 .
907 3074 942 3113 er·
