2117 3642
197 183 245 278 ζει
455 199 493 264 n.
528 215 687 266 urvrr

230 309 293 360 XX.
313 306 516 376 Approbantibus
533 307 633 371 tunsis,
651 307 718 360 diem
734 309 833 361 Manlio
850 307 950 367 deum.

134 443 140 450 ,
190 386 265 454 quod
277 387 320 436 ubi
332 385 365 434 eli
376 383 477 448 sadum,
495 386 576 452 primo
586 397 714 434 commota
726 387 795 454 plebs
806 389 847 452 ell,
859 392 951 457 utique

192 459 324 532 postquam
336 461 486 514 sordidatum
499 477 569 512 reum
580 461 712 524 videmnt;
729 479 775 514 nec
787 480 843 515 curn
852 484 883 516 eo
894 484 952 520 non

185 539 272 590 ‘modo
283 550 382 608 patrum
393 555 543 606 quenquam,
563 537 604 589 sed
616 555 647 590 ne
658 551 780 606 cognatos
791 543 891 607 quidem
903 554 952 594 aut

43 675 46 686 Ι
102 653 108 664 .
189 618 284 682 affines,
302 622 426 688 postremo
439 635 470 668 ne
481 617 570 668 iratres
581 617 680 685 quidem
691 619 759 669 Μ(
772 623 807 669 T.
822 622 951 674 Manlios:

188 697 264 766 quod
272 697 303 748 ad
318 713 376 748 eum
384 697 451 748 diem
464 713 593 764 nunquam
609 697 655 747 ulu
666 696 778 761 venisset,
794 710 824 748 ut
834 700 861 749 in
875 711 951 753 tanto

189 767 335 842 discrimine
358 791 410 826 non
432 775 589 845 &proximi
608 775 701 824 vellem
724 786 858 826 mutarent.
894 780 948 846 Ap.

190 853 303 906 Claudio
325 855 351 906 in
373 855 475 924 vincula
497 853 579 921 dudio,
606 855 637 905 C.
662 853 794 904 Claudium
815 855 950 908 inimicum

190 925 373 1000 Claudiamque
390 949 491 984 omnem
509 944 609 998 gentem
616 931 769 984 sordidatam
785 923 878 985 luisse!
884 951 948 985 con·

188 1006 265 1062 'sensu
278 1013 386 1080 opprimi
406 1011 552 1081 popularem
568 1012 661 1076 virum,
678 1011 745 1078 qudd
764 1013 883 1080 primusa
897 1015 947 1063 Pa-

190 1091 273 1142 tribus
290 1092 321 1143 ad
339 1092 439 1159 plebem
456 1088 590 1141 defecisset.
626 1095 712 1156 Quum
723 1089 774 1140 dies
786 1093 864 1156 venit,
881 1107 947 1157 quae,

189 1163 282 1238 prater
299 1180 374 1219 coctus
392 1167 557 1220 multitudinis
574 1165 747 1234 seditiosasque
759 1183 843 1230 voces,
860 1169 885 1219 dr
896 1169 947 1219 lan·

190 1245 315 1311 pitionem
327 1245 351 1297 ἃ
363 1245 440 1296 fallax
452 1245 581 1307 indicium,
594 1245 741 1312 pertinentia
752 1245 851 1312 proprie
862 1245 893 1294 ad
904 1259 947 1294 re-

189 1324 235 1388 gni
255 1324 347 1374 crimen
366 1323 398 1374 ab
416 1322 600 1374 accusatoribus
619 1321 714 1387 objesia
731 1322 778 1372 sint
796 1337 848 1387 reo,
875 1321 947 1390 apud

190 1402 318 1452 neminem
335 1401 460 1451 aussorem
477 1401 589 1450 invenio.
615 1415 661 1449 nec
676 1399 765 1451 dubito
781 1399 846 1450 haud
864 1416 947 1468 parvo

190 1475 270 1543 suisse,
289 1495 365 1545 quum
377 1477 509 1529 damnandi
524 1493 595 1527 mora
607 1476 672 1544 plebi
691 1492 742 1527 non
761 1477 788 1528 in
805 1477 885 1540 caule,
901 1477 948 1530 sed

190 1550 218 1604 in
229 1555 296 1618 loco,
313 1554 396 1604 suerit.
416 1551 479 1602 Illud
494 1551 632 1602 notandum
644 1552 751 1617 videtur,
767 1563 797 1603 ut
808 1552 885 1604 sciant
896 1554 947 1604 ho·

191 1632 279 1694 mines,
291 1646 346 1696 quae
357 1629 381 1680 ἃ
394 1639 485 1696 quanta
497 1627 587 1680 decom
600 1628 664 1678 sceda
673 1629 793 1696 cupiditas
812 1633 881 1696 regni
891 1645 947 1682 non

190 1707 289 1774 ingrata
300 1706 388 1770 solum,
406 1703 540 1756 scd-invisa
551 1706 636 1768 etiam,
652 1705 794 1757 reddiderit.
823 1709 948 1759 Homines

188 1785 270 1861 prope
289 1785 481 1852 quadringentos
501 1781 644 1853 produxisse
664 1782 764 1850 dicitur,
787 1786 877 1851 quibus
894 1784 947 1835 fine

190 1861 286 1917 i'oenore
298 1863 416 1932 expensas
433 1865 550 1932 pecunias
562 1861 659 1927 tulisset,
676 1878 782 1928 quorum
793 1864 860 1914 bona
870 1867 947 1914 veni·

188 1939 227 2006 re,
245 1957 306 2008 quos
323 1940 381 1992 duci
393 1939 502 1993 addidios
513 1937 682 2010 prohibuisset.
719 1939 759 1990 Ad
777 1941 836 2004 haec,
852 1941 948 1993 decore

191 2027 292 2085 quoque
309 2019 367 2068 belli
386 2029 437 2070 non
455 2015 657 2068 commemorill'e
674 2021 780 2079 tantum,
797 2015 838 2069 sed
855 2029 948 2085 protu-

188 2093 243 2146 lill'e
263 2097 338 2146 etiam
350 2095 523 2163 conspicienda
532 2115 539 2156 ;
557 2092 635 2162 spolia
651 2093 757 2143 hostium
777 2094 894 2145 caelorum
910 2097 948 2150 ad

189 2174 303 2238 triginta,
322 2172 387 2223 dona
406 2175 584 2239 imperatorum
599 2170 631 2221 ad
651 2171 829 2237 quadraginta:
847 2176 873 2224 in
887 2176 949 2240 qui·

190 2249 238 2298 bus
250 2247 352 2313 insignes
369 2247 429 2298 duas
445 2249 550 2296 murales
566 2263 679 2312 coronas,
697 2249 791 2299 civicas
802 2250 866 2300 osio.
902 2253 948 2304 Ad
1028 2272 1030 2327 p*

97 2361 104 2376 .
189 2317 243 2374 hec
255 2321 365 2374 servatos
376 2339 409 2373 ex
427 2323 535 2372 hollibus
547 2324 615 2372 cives
629 2321 788 2389 produxisse5
806 2329 871 2377 inter
882 2344 948 2394 quoe
1027 2362 1028 2381 t

191 2403 224 2449 C.
245 2393 376 2449 Servilium
393 2395 536 2461 magistrum
551 2398 664 2463 equiturn
680 2397 806 2450 absentem
826 2406 946 2456 nomina·
1026 2410 1027 2433 ¹

190 2485 258 2528 tum.
277 2475 391 2544 &quum
402 2491 430 2525 ea
447 2475 554 2542 quoqne,
571 2489 624 2541 quae
636 2473 702 2524 bello
717 2476 782 2540 gesta
793 2477 877 2545 essent,
895 2479 947 2549 pro

191 2553 292 2622 'fastigio
309 2569 389 2608 rerum
407 2555 520 2606 oratione
540 2555 616 2605 etiam
631 2555 772 2622 magnifici,
786 2557 854 2610 sasla
872 2561 947 2614 distis

191 2635 323 2700 aequando,
340 2633 503 2698 memorasset,
520 2632 618 2684 nudisse
629 2631 711 2702 pestus
722 2635 813 2702 insigne
825 2638 949 2691 cicatrici·

192 2714 242 2762 bus
253 2713 319 2764 bello
333 2715 455 2782 acceptis5
472 2713 651 2779 itidentidem,
664 2715 814 2782 Capitolium
826 2716 947 2787 speetam,

196 2793 288 2858 Jovem
300 2785 416 2858 Deosqsie
429 2793 490 2842 alios
501 2793 630 2844 devocilse
648 2794 681 2845 ad
696 2795 818 2845 auxilium
829 2795 946 2848 sormun-

194 2885 253 2922 rum
263 2867 380 2919 suarum:
398 2869 558 2936 precatusque
573 2873 627 2937 ell'e,
644 2885 681 2936 ut,
698 2889 773 2940 quam
781 2885 887 2925 mentem
898 2876 946 2929 libi

189 2941 365 3015 ¹Capitolinam
376 2962 458 3004 arcem
468 2946 609 3015 plotegenti
625 2950 770 3002 adsalutem
786 2955 872 3022 populi
889 2957 945 3006 Ro·

197 3030 266 3085 mani
276 3026 401 3094 dedissent,
417 3042 473 3082 ectu
482 3030 580 3099 populo
596 3033 711 3090 Romans
721 3030 749 3085 in
765 3030 811 3089 suo
822 3033 944 3088 dicrimi-

663 3133 669 3137 '
907 3127 944 3166 ne
