2117 3642
345 214 371 265 L
386 216 401 266 1
417 213 475 264 nt:
491 214 515 265 R
548 209 612 264 vsi.
812 226 864 274 ur

113 302 229 357 stationes
240 300 407 368 infrequentes
425 301 528 367 relislas,
545 299 631 368 paucis
645 299 738 351 milites
748 297 865 350 adhorta·

114 394 164 447 tus,
175 384 207 433 ad
218 382 294 433 easlra
304 380 471 449 oppugnanda
478 380 557 431 ducit.
569 395 624 446 qnae
635 394 712 445 quum
724 379 807 447 primo
816 377 866 434 ὼ,
968 439 976 448 Ι
1052 369 1053 396 ι

112 474 185 512 more
196 470 270 526 atque
286 460 382 527 impetu
393 456 505 527 cepisset,
522 457 632 523 pluribus
647 456 753 508 hoslium
768 459 795 507 in
812 468 867 509 ten·

115 541 188 589 toriis
200 538 256 605 suis,
272 545 344 606 quam
354 541 381 590 in
392 538 471 607 portis
477 536 604 599 ualloque,
622 534 693 600 caesrs,
709 536 776 601 signa
787 537 867 605 captis

115 630 151 667 va
161 617 188 667 in
208 632 284 668 unum
294 618 386 669 'locun
402 612 510 671 conferri
521 612 605 675 juffit;
622 613 758 679 relisiisque
772 615 867 669 duabus

115 691 254 757 legionibus
262 693 377 746 cusiodiae
389 692 416 743 ἃ
424 688 528 759 presidii
539 688 620 750 sauss,
640 690 713 751 gravi
724 689 804 739 edisio
811 708 868 743 rno-

115 772 184 837 nitis,
210 784 246 837 ur,
264 773 344 824 donee
364 769 417 838 ipse
438 767 583 831 revenisset,
603 764 684 832 prada
705 766 873 835 abstinerent·²

117 850 242 919 profestos
250 852 350 915 agmine
358 845 482 911 intruso,
492 860 569 911 quum
584 842 717 911 premissus
731 861 805 913 eques
816 849 870 899 sel·

115 940 146 979 ut
157 928 273 991 indagine
290 928 415 995 diffipatos
426 924 547 975 samnites
561 933 654 988 ageret,
671 924 762 975 caedem
781 929 870 993 ingen·

52 1026 58 1045 ·
102 1016 170 1069 ‚tem
181 1006 249 1055 lecit.
267 1017 325 1057 nam
341 1018 422 1071 neque
439 1018 491 1069 quo
508 1002 578 1067 figno
588 1002 685 1053 coirent
700 1003 808 1070 interis,
824 1022 870 1060 ne·

117 1100 176 1152 que,
193 1088 277 1153 utrum
289 1083 364 1133 castra
379 1091 499 1151 peterent,
516 1096 549 1134 an
559 1080 700 1145 longiorem
716 1083 872 1139 intenderent

114 1162 214 1227 sugam,
231 1162 321 1213 territis
332 1161 441 1212 constare
453 1170 561 1227 poterat.
583 1162 758 1225 Tantumque
766 1163 830 1229 sngae
841 1181 872 1217 ac

117 1240 260 1294 formidinis
270 1240 327 1306 suit,
338 1252 367 1292 ut
378 1240 409 1292 ad
420 1238 583 1307 quadraginta
594 1238 672 1288 millia
682 1238 816 1306 scutorum,
828 1258 872 1293 ne.

120 1334 246 1386 quaquam
258 1330 296 1369 tot
307 1319 379 1383 celis,
397 1319 423 1369 n
435 1319 503 1383 srgna
518 1316 634 1368 militaria
654 1333 711 1367 cum
721 1321 759 1382 ils,
777 1335 831 1386 quae
845 1322 873 1373 in

118 1398 201 1450 castris
218 1409 382 1467 capturam,
401 1397 433 1450 ad
450 1406 551 1449 centum
568 1396 723 1464 septuaginta
740 1400 771 1452 ad
782 1400 872 1451 consu.

118 1476 169 1525 lem
179 1474 340 1528 deferrentur.
360 1480 429 1525 Tum
441 1476 467 1525 in
480 1472 557 1525 casira
566 1474 673 1526 hoslium
683 1478 806 1532 reditum:
823 1478 873 1531 ibi„

117 1568 168 1620 que
180 1554 261 1605 omnis
273 1552 354 1620 prada
365 1552 439 1603 militi
451 1552 517 1603 data.

153 1633 307 1679 XXXVIII.
325 1631 405 1694 Hujus
425 1629 568 1681 certaminis
586 1628 688 1683 fortuna
710 1634 737 1685 ἀ
755 1632 873 1701 Faliscos,

119 1718 198 1773 quum
210 1708 236 1756 in
254 1706 358 1759 induciis
369 1706 452 1769 essent,
470 1707 549 1758 sudus
567 1719 649 1772 petere
665 1712 698 1761 ab
719 1711 804 1763 senatu
815 1716 873 1763 cosi·

88 1806 95 1811 -
119 1785 171 1849 git;
188 1784 213 1835 ἃ
230 1785 342 1849 Latinos,
357 1786 410 1848 iam
424 1785 574 1833 exercitibus
594 1789 751 1853 comparatis,
772 1790 804 1839 ab
819 1793 873 1839 Ro·
917 1846 920 1851 k

119 1877 195 1912 mano
206 1863 234 1911 in
250 1864 379 1925 Feligmun
391 1862 468 1911 vertit
479 1861 581 1911 bellum.
617 1866 704 1929 Neque
714 1866 749 1915 ‘rra
757 1867 793 1917 rei
801 1868 874 1932 gesiae

58 1950 59 1955 ’
116 1940 187 1991 sarna
199 1940 277 1991 Italiae
288 1939 313 1988 st
324 1938 414 1989 finibus
425 1938 521 1988 tenuit:
534 1936 575 1987 sed
586 1940 800 2006 Karthaginienses
808 1960 874 2011 quo·

119 2030 169 2082 que
188 2015 282 2079 legatos
301 2014 450 2079 gratulatum
470 2017 578 2065 Romam
593 2016 679 2067 misere
699 2036 757 2072 cum
774 2038 874 2076 corona

120 2106 202 2145 auteae
213 2092 290 2157 dono,
307 2107 361 2159 quar
371 2093 399 2143 in
419 2092 544 2159 Capitolio
561 2092 587 2142 in
607 2095 679 2159 Jovis
698 2100 756 2149 cella
767 2117 873 2169 ponere.
944 2144 947 2147 .

121 2181 171 2221 tur:
189 2168 237 2234 snit
255 2170 341 2238 pondo
357 2169 582 2236 vigintiquinque.
618 2172 737 2224 Consules
753 2180 828 2229 ambo
841 2178 874 2231 de
946 2193 948 2196 ·

122 2247 272 2297 Samnitibus
283 2249 473 2317 triumphirunt,
491 2248 607 2315 sequente
621 2252 702 2323 Decio
716 2254 803 2322 insigni
814 2274 873 2310 cum

121 2323 196 2375 laude
216 2324 353 2393 donisque:
371 2343 448 2395 quum
465 2328 594 2381 incondito
608 2331 711 2381 militari
728 2333 788 2397 joco
804 2335 874 2402 haud
959 2391 963 2397 ,

120 2403 202 2453 minus
221 2404 314 2455 tribuni
333 2406 427 2457 celebre
444 2422 544 2472 nomen,
561 2415 635 2474 quam
647 2409 785 2474 consulum,
803 2411 872 2463 esset.

121 2482 306 2549 Campanorum
323 2486 411 2537 deinde
429 2488 648 2551 suessanorumque
663 2488 753 2535 auditae
767 2488 873 2549 legatio·
923 2532 926 2538 ,

119 2574 176 2611 nes:
195 2563 399 2628 precantibusque
410 2564 505 2623 datum,
521 2574 551 2609 ut
559 2561 697 2634 praesrdium
712 2566 743 2610 eo
755 2563 874 2614 inhiber-

120 2654 153 2690 na
164 2641 311 2700 mitteretur,
329 2656 380 2703 quo
398 2640 544 2689 Samnitium
554 2636 710 2689 excursiones
721 2652 873 2696 arcerentur.

120 2716 179 2781 Jam
189 2727 243 2767 tum
252 2714 353 2764 minime
361 2710 464 2763 salubria
474 2712 577 2765 militari
588 2713 723 2781 disciplina
736 2720 821 2786 Capua
832 2719 872 2773 in·
883 2712 891 2725 ’

121 2793 255 2845 strumento
267 2791 379 2845 omnium
389 2792 558 2861 voluptatium
573 2792 691 2845 delenitos
703 2796 808 2848 militum
817 2800 872 2851 ani·

122 2882 176 2921 mos
187 2872 279 2923 avertit
294 2871 447 2921 &memoria
460 2874 560 2939 patriae:
580 2873 754 2941 inibanturque
771 2878 872 2937 consilia

9 2970 19 2977 ·
122 2944 266 3001 inhibentis
281 2948 368 3001 eodem
376 2947 464 2999 scelere
475 2950 612 3004 adimendae
627 2955 758 3020 Campanis
771 2960 871 3021 Capua,

122 3036 167 3091 per
175 3026 242 3093 quod
253 3026 289 3081 illl
300 3042 356 3081 earn
366 3026 473 3096 antiquis
484 3026 620 3085 cultoribus
630 3029 788 3085 ademissent:
805 3049 872 3101 seqre

461 3109 488 3157 T
506 3122 521 3159 s
790 3110 869 3163 imme·
963 3146 972 3157 ,
