2117 3642
341 214 639 276 ,LIBERV.-
808 227 859 277 333

111 304 261 371 nuntiatque
274 303 358 368 Gallis,
375 316 404 355 ut
415 303 439 354 se
450 301 481 354 ad
495 303 608 371 proelium
617 299 762 370 expediant.
797 305 864 354 Suos

112 383 138 436 in
153 398 271 432 acervum
286 385 408 448 conjicere
425 383 538 446 sarcinas,
555 380 581 430 de
592 397 659 430 anna
670 392 763 449 aptare,
780 379 863 451 serro-
910 429 914 439 ,

111 474 168 524 que,
185 475 236 510 non
255 472 324 525 auro,
342 475 488 529 recuperare
504 459 610 526 patriam
620 459 700 523 jubet,
718 460 743 509 in
754 459 860 528 conspe·

112 533 153 586 stu
173 537 289 586 habentes
306 538 362 589 sana
383 539 472 600 Deum,
491 531 522 584 &¹
536 534 662 598 conjuges,
679 537 704 584 ἃ
718 537 817 602 liberos,
834 537 862 590 dt

56 622 60 635 ‘
111 611 193 662 solum
204 617 288 684 patria
305 617 416 666 deforme
431 615 489 664 belli
503 613 582 674 malis,
600 613 625 660 dt
639 613 732 677 omnia,
749 629 804 678 quae
817 614 861 667 de-

72 743 76 749 ,
111 690 180 742 sendi
192 695 320 760 repetique
332 696 356 744 &
365 693 449 743 ulcisci
458 690 494 742 fas
505 691 543 740 fit.
567 689 667 738 Instruit
677 688 862 758 deindeaciem,

110 779 140 817 ut
151 769 200 818 loci
219 781 307 819 natura
324 771 471 838 patiebatur,
488 769 514 817 in
531 766 654 815 semnutae
671 764 725 815 solo
741 767 818 831 urbis,
834 769 864 822 δε

111 835 200 896 nature
213 848 345 913 inaequali;
361 849 386 897 dc
399 848 491 910 omnia,
509 860 564 910 quae
575 854 627 893 arte
638 843 695 892 belli
707 843 812 895 secunda
824 847 863 896 su·

111 923 132 972 is
149 923 208 986 eligi
225 927 388 990 praepararive
404 933 526 991 poterant,
544 921 665 987 providit.
700 921 776 986 Galli,
793 923 863 974 nova

112 1013 140 1048 re
151 1000 250 1064 trepidi,
267 1017 335 1051 arma
344 1003 454 1068 capiunt,
472 1001 651 1065 itaquemagiS,
668 1000 864 1065 quamconfilio,

111 1073 143 1127 in‘
152 1079 278 1126 Romanos
289 1079 425 1142 incurrunt.
444 1082 500 1144 Jam
509 1076 735 1141 venerationum,
748 1077 802 1142 jam
809 1080 865 1128 De·

111 1167 187 1202 orum
199 1167 258 1219 opes
270 1155 426 1222 humanaque
438 1155 537 1204 consilia
547 1170 600 1204 rem
609 1157 747 1204 Romanam
757 1153 864 1218 adjuva-

113 1228 183 1280 bant.
201 1230 278 1294 igitur
294 1232 376 1300 primo
396 1232 517 1282 concursu
534 1230 600 1281 haud
619 1230 713 1294 majore
732 1242 864 1284 momento
894 1249 897 1261 ·

110 1305 159 1357 'fust
173 1305 238 1355 Galli
249 1306 313 1374 sunt,
331 1309 442 1374 quemad
455 1309 545 1358 Alliam
555 1307 676 1356 vicerant.
710 1307 816 1372 Jusliore
826 1308 864 1357 al·
967 1379 970 1381 Α

112 1395 168 1436 tero
180 1383 268 1446 deinde
287 1386 374 1452 proelio
387 1387 419 1437 ad
435 1387 553 1438 oslavum
572 1383 681 1452 lapidem
693 1387 792 1447 Gabini
808 1386 862 1451 vn,

111 1466 162 1530 qud
171 1462 195 1512 se
206 1479 239 1514 ex
250 1464 309 1531 suga
319 1468 479 1530 contulerant,
493 1464 605 1530 ejusdem
616 1463 691 1515 dustu
701 1466 866 1532 auspicioque

113 1543 209 1593 Camilli
222 1544 365 1606 vincuntur.
400 1545 439 1595 lbi
451 1544 525 1596 eaedes
535 1544 619 1596 omnia
633 1543 751 1608 obtinuit.
785 1543 863 1594 castra

111 1620 251 1687 capiunnrr,
268 1622 293 1671 ἃ
309 1636 340 1670 ne
356 1623 460 1672 nuncius
473 1621 574 1688 quidem
587 1619 661 1670 cladis
672 1621 777 1672 relistus.
807 1621 864 1672 Εἰ·-

111 1695 198 1760 dator,
215 1697 358 1764 recuperandi
376 1713 409 1748 ex
426 1699 535 1749 hostibus
554 1698 643 1766 patria,
665 1697 819 1766 triumphans
832 1699 862 1749 in

111 1775 199 1826 urbem
210 1773 287 1824 redit:
304 1775 417 1840 interque
426 1775 497 1838 jocos
508 1775 634 1836 militares,
646 1789 708 1838 quos
719 1775 864 1826 inconditos

109 1849 215 1915 jaciunt,
232 1852 352 1900 Romulus
373 1867 401 1900 ac
419 1865 503 1916 parens
520 1851 605 1916 patria
622 1848 784 1914 conditorque
800 1851 863 1902 alter

110 1929 179 1978 urbis
192 1927 257 1976 haud
266 1929 336 1977 vanis
345 1927 456 1976 laudibus
465 1926 611 1992 appellatur.
638 1919 764 1975 Servatam
772 1925 863 1978 deinde

110 2005 177 2056 bello
186 2005 291 2069 patriam
300 2005 389 2053 iterum
397 2004 422 2051 in
428 1999 491 2068 'pace
500 2002 566 2050 haud
575 2001 648 2049 dubie
657 2000 774 2065 servavit,
784 2018 863 2074 quum

111 2080 242 2152 prohibuit
258 2081 360 2146 migrari
372 2080 457 2144 Vejos,
474 2077 618 2128 &tribunis
634 2092 686 2127 rem
702 2079 820 2128 intentius
833 2094 865 2130 a-.

112 2157 228 2222 gentibus
237 2157 289 2224 post
299 2155 422 2207 incensam
433 2157 528 2218 urbem,
547 2156 572 2205 ἃ
582 2170 625 2222 per
636 2153 661 2203 se
676 2156 793 2206 inclinant
806 2172 861 2208 ma-

111 2235 150 2300 gis
162 2233 234 2300 plebe
250 2233 281 2282 ad
292 2233 318 2284 id
329 2233 465 2284 confilium.
483 2248 560 2300 eaque
572 2229 644 2307 causa
657 2231 705 2282 suit
721 2248 773 2283 non
789 2233 863 2285 abdi.

111 2311 196 2363 candae
213 2309 266 2379 post
286 2299 438 2380 triumphum
455 2310 587 2375 dictatura,
604 2308 689 2360 senatu
707 2310 864 2380 obsecrante,

109 2405 143 2442 ne
155 2389 331 2456 rempublicam
340 2391 366 2439 in
377 2391 472 2440 incerto
481 2388 629 2455 relinqueret
637 2387 709 2439 statu.

91 2471 93 2474 ’
144 2467 177 2516 L.
196 2466 314 2522 Omnium
326 2469 442 2535 primum,
459 2478 488 2516 ut
497 2478 550 2522 erat
558 2466 751 2530 diligentissimus
760 2467 860 2534 religio-

110 2561 172 2596 num
183 2544 270 2609 cultor,
288 2561 342 2612 quae
351 2546 382 2596 ad
397 2550 464 2596 Deos
479 2546 632 2596 immortales
640 2545 803 2612 pertinebant,
820 2537 868 2595 re?

110 2625 184 2686 tulin
208 2622 483 2674 &senatusconsultum
502 2622 571 2686 satit,
588 2623 652 2671 Fana
671 2623 750 2687 omnia,
766 2624 821 2690 quid
834 2639 863 2674 ea

109 2701 173 2766 bostis
184 2699 307 2770 poffedrffet,
322 2702 490 2764 restituerentur,
507 2700 684 2763 terminarentur,
708 2700 861 2766 expiarentur·

109 2793 157 2848 que,
175 2779 308 2846 expiatioque
324 2793 395 2827 eonem
414 2778 437 2826 ἐκ
453 2775 514 2826 libris
523 2775 710 2844 perduremviros
724 2787 860 2844 quereretur.

91 2859 168 2906 ¹*Cum
181 2854 291 2906 Ceretidus
302 2854 415 2924 hospitium
423 2852 506 2920 publice
512 2855 587 2920 fieret,
598 2855 721 2922 quddfircra
727 2856 803 2923 populi
813 2857 861 2906 no·

110 2933 171 2998 mani
181 2949 206 2983 ae
212 2934 331 3001 sacerdotes
343 2931 472 3001 reecpss'ent,
488 2929 623 3000 beneficioque
636 2934 682 2999 ejus
689 2934 765 3001 populi
774 2950 815 2985 nen
824 2934 861 2982 in-

109 3006 216 3080 termiffies
227 3008 290 3076 bonos
306 3009 382 3064 Derim
393 3008 547 3062 immortalium
555 3007 622 3079 effen·
637 3009 682 3064 ludi
694 3009 860 3080 Capitolinfie·

798 3096 861 3158 rent,
