2117 3642
176 202 224 311 tir
436 241 473 295 τ.
507 244 665 297 ntvrr

168 342 223 401 nrm
233 330 417 397 aggrediuntur.
435 334 596 385 comitiorum
604 335 640 385 illi
652 331 827 401 habendorum,
840 351 918 405 quan

170 410 205 467 do
218 410 335 461 minimus
346 422 406 460 nant
417 409 453 474 sit,
465 427 560 461 munus
572 412 691 464 consensu
702 414 840 479 injungunt.
868 420 917 467 Ars

168 486 221 544 hac
233 497 292 551 erat,
301 503 333 537 ne
344 487 420 539 semet
432 488 483 556 ipse
495 504 577 541 create
589 488 678 558 pollet3
697 490 763 557 quod
775 503 861 560 praeter
871 494 917 542 tri-

169 560 249 619 bunos
260 564 338 629 plebis
350 565 384 630 (dt
395 562 420 615 id
432 564 512 633 ipsum
523 566 625 634 peffimo
636 568 771 635 exemplo,)
787 584 860 620 nemo
868 564 916 619 unss

167 654 243 705 quam
253 640 354 693 lecisset.
388 642 428 691 ille
447 643 584 707 enimvero,
602 642 667 708 quod
684 644 747 693 bene
764 656 854 711 vertat,
870 647 915 695 ha·

167 714 278 772 biturum
293 715 316 765 se
333 718 435 767 comitia
449 716 576 784 professus,
593 718 797 784 impedimentum
814 735 860 788 pro
871 736 915 771 oc·

167 792 263 843 canone
274 795 386 862 arripuit.
398 794 545 863 dejediisque
555 796 650 847 honore
658 813 702 865 per
712 799 846 849 coitionem
855 799 916 850 duo·

167 869 214 935 bus
224 871 352 940 Quindiis,
372 872 548 941 Capitolino&
559 872 719 939 Cincinnato,
736 874 761 924 dt
773 885 861 941 patruo
869 874 916 925 suo

168 950 200 1003 C.
214 948 327 1013 Claudio,
344 950 534 1001 constantiffimo
546 950 603 1002 viro
620 950 647 1000 in
663 950 821 1021 optimatium
833 951 914 1016 causa,

167 1026 258 1091 opalis
273 1026 382 1091 ejusdem
394 1026 482 1093 fastigii
496 1026 601 1092 civibus,
618 1043 775 1097 nequaquam
786 1027 913 1096 splendore
992 1033 996 1039 '

166 1105 228 1160 sita
237 1121 309 1173 pares
320 1104 472 1159 decemviros
484 1118 565 1159 creat:
582 1107 607 1157 se
618 1107 644 1157 in
660 1109 754 1175 primis,
771 1106 837 1174 quod
847 1106 915 1159 haud

167 1181 236 1245 secus
252 1183 342 1247 fadum
362 1184 537 1251 improbabant
556 1184 626 1247 boni,
651 1190 726 1250 quam
739 1200 813 1237 nemo
832 1182 926 1236 sacere'

165 1258 282 1312 austurun
294 1260 437 1310 crediderat.
458 1261 540 1310 creati
551 1275 608 1310 cum
625 1273 656 1308 eo
668 1262 707 1311 M.
718 1261 846 1314 Cornelius
857 1263 914 1311 Ma·

165 1333 304 1401 luginensrs,
322 1339 360 1387 M.
383 1334 486 1401 Sergius,
503 1337 536 1385 L.
554 1335 688 1397 Minucius,
707 1331 740 1397 Q.
760 1337 850 1387 Fabius
867 1337 914 1386 Vi-

166 1413 279 1478 bulanus,
298 1418 331 1479 Q.
347 1415 468 1477 Poetelius,
484 1413 520 1461 Τ.
534 1410 657 1480 Antonius
668 1410 796 1476 Merenda,
805 1413 836 1463 K.
848 1412 916 1463 Dui-

167 1488 221 1552 lius,
240 1495 281 1556 sp.
299 1490 393 1556 Oppius
407 1490 537 1551 Cornicen,
554 1490 593 1538 M.
606 1483 747 1537 Rabuleius.

200 1568 325 1617 XXXVI.
344 1565 388 1613 Ille
408 1564 462 1615 finis
478 1564 563 1631 Appio
579 1563 664 1613 aliena
681 1555 791 1631 persdnae
807 1559 924 1623 ierendaef

166 1638 225 1697 fuit.
258 1640 303 1691 suo
318 1641 371 1704 jam
387 1641 445 1693 inde
463 1641 551 1693 vivere
565 1640 666 1706 ingenio
685 1640 769 1708 coepit,
783 1639 918 1707 novosque

165 1718 271 1784 collegas
281 1718 334 1783 jam
344 1720 420 1787 prids,
437 1724 511 1787 quim
525 1719 616 1772 inirem
626 1716 803 1785 magistratum,
819 1717 915 1791 inusuos

166 1808 247 1850 morea
266 1794 383 1849 formare.
417 1795 538 1861 Quotidie
557 1795 661 1847 conane
681 1795 782 1847 remotis
798 1794 914 1849 arbitrisr

162 1872 223 1925 inde
238 1873 417 1941 impotentibus
427 1872 535 1925 instmiii
546 1873 661 1937 confiliis,
677 1886 732 1938 que
741 1870 875 1923 secretbab
884 1887 912 1921 a·

165 1952 206 2004 liis
217 1953 364 2023 coquebant,
379 1952 433 2019 jans
443 1951 510 2005 haud
519 1950 689 2003 diffimulnndo
700 1948 847 2018 superbiam,
862 1947 914 2001 rari

166 2028 256 2095 aditos,
282 2030 478 2098 colloquentibus
497 2028 614 2100 difficiles,
636 2028 669 2079 ad
688 2026 754 2078 ldus.
765 2026 845 2077 Maias
859 2039 914 2078 rem

166 2109 315 2177 perduxere.
349 2110 408 2161 ldus
421 2119 476 2161 tum
491 2108 567 2159 Mus
583 2105 695 2158 solennes
713 2102 825 2154 ineundis
835 2100 915 2168 magi·v

165 2185 279 2237 stratibus
292 2196 371 2237 erant.
398 2187 475 2238 Initio
493 2185 570 2250 igitur
582 2182 734 2249 magistratus
748 2179 857 2249 primum
867 2180 915 2229 ho·

167 2263 234 2313 noris
242 2261 308 2313 diem
319 2262 511 2316 denunciatione
522 2260 628 2325 ingentis
637 2259 736 2310 terroris
747 2257 864 2323 infignem
874 2250 918 2315 so]

166 2342 231 2390 edre.
265 2352 324 2389 nant
337 2342 460 2404 quum'ita
471 2340 566 2406 priores
578 2336 714 2388 decemviri
729 2334 867 2400 servbffent,
883 2344 915 2395 ut

166 2420 231 2466 unus
243 2414 319 2466 fasces
331 2416 441 2480 haberet,
450 2416 484 2467 ἃ
499 2416 548 2465 hoe
563 2413 656 2480 insigne
666 2416 764 2481 regium
778 2414 805 2465 in
816 2414 914 2479 orbem,

167 2492 236 2545 luam
252 2492 377 2559 cujusque.
388 2494 478 2557 vicem,
495 2508 540 2561 per
558 2506 644 2543 omnes
659 2493 715 2557 iret,
732 2491 814 2554 subito
827 2504 914 2563 omnes

166 2584 225 2623 cum
235 2570 358 2622 duodenis
366 2570 472 2623 fascibus
483 2570 606 2639 prodiere.
625 2574 733 2621 Centum
744 2571 835 2637 viginti
842 2569 915 2624 lidos

166 2648 310 2701 tensorum
328 2649 500 2715 impleverant,
525 2649 552 2700 dt
570 2646 675 2699 fascibus
698 2646 791 2700 secures
809 2647 917 2713 illigatas

166 2724 336 2795 preferebant.
360 2742 406 2777 neo
421 2725 544 2778 attinuisse
559 2725 626 2796 demi
642 2725 755 2790 securim,
771 2741 848 2791 quum
864 2725 915 2775 sine

167 2802 349 2870 provocatione
365 2806 439 2853 creari
452 2802 535 2864 efferet,
552 2803 784 2870 interpretabantur.
818 2802 915 2851 Decem

167 2884 253 2942 tagum
264 2878 356 2946 species
366 2892 425 2944 erat,
436 2879 659 2949 multiplicatusque
670 2890 749 2929 terror
758 2892 810 2927 non
821 2876 915 2929 infimis
928 2878 932 2884 ’

164 2954 255 3018 solnm
272 2954 313 3008 sed
324 2957 473 3022 primoribus
486 2959 595 3024 Parrum,
612 2956 671 3007 ratis
686 2953 757 3005 endis
769 2953 866 3005 causam
881 2968 914 3021 ao

153 3034 316 3105 ‹plneipium
327 3035 411 3104 queri.
428 3042 465 3105 ut,
475 3026 498 3089 'ti
509 3037 568 3107 quia
576 3046 713 3090 memorem
728 3031 847 3090 libertatis
862 3044 912 3079 vo·

856 3118 913 3167 tim
