2117 3642
197 181 250 233 ‘tab
461 182 498 233 Τ.
532 184 588 235 L'I
605 184 691 237 V‘ll

203 276 265 332 tans,
279 270 387 332 'Procnen
404 266 433 319 o
438 270 507 333 fidem
514 268 583 336 plebes
594 270 692 337 implnn.
709 266 778 333 adeste
788 269 875 339 cives!
899 272 988 337 adq&
1028 322 1029 325 ,

201 346 370 395 commilitones!
386 344 441 394 nihil
450 345 488 409 est,
503 346 558 411 qaid
567 346 689 412 exspelietis
700 346 801 409 tribunos,
818 346 910 413 quibus
924 349 986 415 e'pfis

201 422 359 486 vesimnmilio
368 415 466 490 opnsist.
487 424 614 473 concitati
624 424 745 489 homines,
756 426 836 475 veluti
849 426 887 476 ad
903 442 982 493 proe·

201 497 275 564 liunt,
284 499 466 569 secxpediunt:
483 500 674 567 apparebatque,
685 517 760 551 omne
768 502 915 553 discrimen
928 502 981 553 ad·
1028 516 1029 563 1

201 573 262 637 elfe3
277 577 338 627 nihil
348 579 465 645 cuiquam
473 577 590 642 fannon,
602 594 653 629 non
664 579 757 645 publici
765 578 831 643 fore,
841 595 904 629 non
915 578 976 647 pri-

201 655 256 704 vati
264 654 336 717 juria.
359 657 424 708 Huic
432 668 507 707 tanta
517 657 654 724 tempestati
663 672 739 722 quum
751 656 775 707 fe
786 656 911 707 consules
920 657 975 707 ob-

202 728 316 790 tuliffent,
332 730 405 782 facile
420 731 517 799 experti
529 730 593 793 funt,
611 746 699 798 patum
710 741 788 781 tutam
799 730 972 793 majestatem

200 808 251 857 sme
264 808 357 860 viribus
369 808 425 859 effe.
453 809 554 859 violatis
564 806 699 871 lilloribus,
716 806 820 858 fascibus
832 808 938 871 stallis,
955 811 971 857 ἐ

194 884 259 935 -foro
271 885 297 934 in
308 887 402 936 curiam
413 885 611 951 compelluntur;
628 884 724 949 incerti,
741 894 865 949 quatenus
877 886 967 935 Volo·

201 975 232 1012 to
242 974 369 1012 exerceret
380 962 520 1015 viliotiam.
556 960 743 1013 Contioefcente
757 960 846 1011 deinde
863 962 964 1011 tumul-

200 1048 238 1102 tn,
254 1052 331 1103 quum
340 1039 369 1090 in
379 1040 490 1089 senatum
501 1037 588 1088 vocari
600 1036 723 1102 jullill'ent,
740 1048 879 1103 queruntur
889 1039 963 1103 inju-

200 1114 322 1178 ructuas,
339 1117 393 1167 uim
402 1117 488 1185 plebis,
505 1115 637 1167 Voleronis
648 1114 785 1166 audaciam.
819 1116 915 1165 Multis
927 1116 961 1179 st?

200 1194 294 1246 toriter
303 1193 373 1245 diliis
380 1192 514 1255 sententiis,
525 1192 608 1243 vicere
620 1189 737 1256 seniores,
749 1191 846 1258 quibua,
856 1193 898 1253 ira
911 1195 959 1243 Pa·

200 1279 268 1321 trum
278 1268 394 1321 adversus
405 1271 570 1320 temeritatem
583 1268 661 1335 plebis
671 1269 767 1332 certari,
783 1284 835 1321 uon
847 1268 956 1336 placuit,

234 1349 306 1399 LVI.
329 1348 482 1398 Voleronem
502 1346 619 1414 amplexa
638 1344 726 1396 favore
742 1346 811 1414 plebs
826 1348 956 1415 proximis

199 1424 309 1477 comitiis
327 1424 452 1475 tribunum
470 1423 537 1490 plebi
548 1432 614 1471 creat
630 1422 656 1471 in
670 1437 727 1471 eum
737 1438 839 1488 annum,
856 1426 899 1490 qui
919 1427 954 1477 1..

201 1501 338 1564 Pinarium,
354 1503 382 1549 P.
400 1499 504 1550 Furium
516 1497 628 1549 consules
644 1497 742 1561 habuit.
775 1510 911 1567 contraque
923 1517 952 1553 o·

98 1614 106 1619 .
200 1578 298 1630 mnium
305 1577 459 1644 opinionem,
470 1576 512 1641 qui
523 1591 581 1625 eum
589 1575 710 1627 vexandis
720 1577 809 1647 prioris
819 1578 878 1629 anni
888 1594 952 1629 cou-

187 1653 293 1707 tutibus
300 1652 470 1721 permiliurum
481 1654 635 1713 tribunatum
646 1652 786 1719 credebant,
802 1655 854 1723 poll
865 1656 949 1723 publi7

200 1746 256 1785 tam
267 1732 365 1781 caulam
381 1733 484 1798 privato
500 1730 587 1781 dolore
598 1731 692 1795 habito,
708 1746 741 1781 ne
758 1732 835 1783 verbo
846 1733 948 1801 quidem

200 1808 306 1865 violatis,
312 1807 460 1873 consulibus,
476 1808 633 1871 rogationem
649 1809 707 1857 tulit
722 1809 753 1859 ad
772 1811 901 1878 populum,
917 1821 948 1861 ut

199 1886 291 1955 plebeii
301 1886 454 1951 magistratus
465 1884 563 1934 tributis
574 1884 681 1935 comitiis
692 1885 787 1937 fierent.
810 1886 882 1937 Haud
889 1903 947 1955 par-

199 1977 234 2013 va
241 1976 279 2013 res
289 1960 334 2012 sub
345 1962 418 2012 titulo
427 1960 507 2026 primi
517 1958 597 2027 specie
607 1961 711 2012 minime
720 1963 797 2015 atroci
809 1961 930 2016 terebatur
936 1984 946 2027 ς

198 2038 241 2091 led
251 2055 305 2107 qua
317 2039 425 2108 patriciis
436 2053 537 2090 omnem
551 2038 695 2105 potestatem
706 2054 750 2105 per
764 2038 889 2091 clientium
898 2040 947 2095 fuf-

197 2116 278 2183 fragia
290 2116 398 2180 creandi,
414 2132 477 2183 quos
490 2116 591 2181 vellent,
609 2116 719 2167 tribunos
730 2115 846 2167 auferret.
877 2118 944 2169 Huic

198 2195 297 2260 astioni,
314 2196 451 2261 gratiliirna
470 2196 544 2261 plebi,
562 2210 639 2261 quum
655 2192 750 2244 summai
767 2194 794 2245 vi
812 2194 942 2246 rcstllereut

198 2274 295 2331 Patrem
312 2288 366 2335 nec,
383 2286 437 2335 quar
445 2286 495 2320 una
504 2272 541 2320 vis
552 2270 583 2323 ad
591 2270 745 2321 resistendum
754 2282 813 2337 erat,
830 2273 941 2323 utinter·

198 2348 304 2411 cederet,
320 2347 406 2412 aliquis
422 2362 456 2396 ex
474 2348 580 2413 collegio
599 2348 743 2399 aullonitate
762 2361 806 2401 aut
819 2350 941 2404 consulum

187 2435 241 2489 ,aut
251 2426 392 2492 principum
403 2424 493 2475 adduci
504 2425 582 2491 pollet
589 2445 596 2489 ;
614 2442 651 2475 res
664 2438 753 2491 tamen,
771 2428 815 2479 suo
827 2427 875 2496 ipsa
886 2444 939 2484 rnu-

197 2499 282 2551 limine
290 2502 381 2566 gravis,
393 2502 568 2551 certaminibus
575 2502 601 2550 in
610 2518 701 2552 annum
711 2504 856 2556 extrahitur.
872 2504 940 2571 Plebe

197 2576 489 2645 Voleronem-tribunum
499 2578 588 2629 reficit.
607 2580 697 2641 Patres,
706 2580 737 2629 ad
745 2580 860 2630 ultimum
867 2580 937 2634 dini·

195 2655 300 2703 cationis
308 2654 355 2703 rati
363 2669 416 2704 rem
426 2665 567 2717 venturam,
576 2658 624 2721 Ap.
634 2655 938 2723 ClaudiumAppiifilinm,

191 2731 246 2797 jam
257 2732 314 2788 inde
327 2737 341 2780 a
353 2733 460 2799 paternis
474 2732 647 2783 certaminibus
659 2735 767 2785 invisum
784 2734 937 2799 infestumque

194 2808 270 2873 plebi,
280 2806 405 2860 confidem
416 2810 520 2861 faciunt.
535 2808 636 2873 Collega
648 2811 671 2861 ei
681 2815 715 2859 T.
726 2810 854 2875 Quintilius
864 2810 938 2864 datur.

188 2884 319 2951 Principio
327 2884 407 2935 statim
416 2887 475 2936 anni
481 2885 542 2934 nihil
550 2887 625 2952 pride,
632 2894 706 2953 quam
712 2888 741 2937 de
747 2888 808 2953 lege,
814 2887 932 2951 agebatur.

194 2958 237 3027 fed
252 2970 281 3015 ut
298 2960 416 3018 inventor
428 2962 489 3033 legis
501 2962 604 3036 volero,
618 2964 651 3023 fic
662 2966 793 3033 Lonorius,
810 2964 897 3033 collega
912 2978 935 3023 ς,

893 3055 932 3109 llll
