2117 3642
164 160 170 189 l

385 212 408 262 L
426 214 439 261 1
457 214 475 261 B
494 213 515 262 E
531 212 555 261 R
591 216 626 262 V.
839 228 897 277 307·

134 284 247 363 majorim
252 298 368 363 fortunam
385 301 454 368 captis
471 299 509 369 effe
526 292 593 364 Vejrs,
610 301 675 366 quim
686 296 824 351 incolumiiin
834 303 892 366 fue-

137 376 195 424 rit?
214 374 335 439 Postremi,
348 379 373 443 se
389 378 478 444 relinqui
489 379 505 425 ci
515 375 599 426 croilis
609 378 632 425 in
646 379 724 443 patria
730 376 805 445 pff.-
821 386 847 426 nt
856 392 893 427 re·

133 452 235 518 linquant
252 454 350 519 patriam
364 464 425 521 nique
443 457 511 517 ciues,
528 454 608 503 inillam
619 456 669 502 uim
685 471 776 520 unquam
789 454 890 520 sabolin-

133 532 204 589 r'am;
223 532 252 581 d*
264 534 294 581 T.
308 534 410 582 Sicinium
428 534 457 595 (is
470 534 537 582 enim
548 546 581 580 ex
592 531 696 580 tribunis
708 533 785 592 plebis
795 534 889 597 rogati-

133 608 192 677 onis
204 606 259 669 ejus
270 608 335 660 lator
346 616 406 677 erat)
418 610 546 659 conditorem
556 608 748 674 Veiosseqnantnr‚
759 609 831 659 retina
839 603 900 659 Dro-

133 685 239 755 nennium
254 688 302 735 Dei
307 688 364 752 filio,
378 695 470 753 parente
481 685 509 735 dn
519 682 605 735 auclore
615 682 672 732 iniis
680 684 760 732 Roma.

170 756 260 813 XXV.
280 768 338 814 Haee
360 772 438 831 quum
459 762 530 813 fundis
553 760 728 811 certaminibus
749 770 891 828 agerentur,

133 838 207 901 (narn
220 854 314 907 partem
326 840 483 891 tribunorum
494 838 574 906 plebis
585 840 667 888 Patres
677 839 705 887 in
715 839 784 887 suam
796 833 898 889 senteu-¹

132 914 198 965 tiam
213 921 347 983 traxerant)
364 919 430 967 nulla
445 916 542 966 resalia
558 914 672 967 manibus
689 916 891 982 temperareple·
941 952 945 955 »
1013 908 1016 911 ’

131 990 194 1042 bem
208 993 320 1057 cogebat,
338 1000 411 1058 quim
421 994 495 1059 qudd,
512 994 557 1043 ubi
566 992 820 1044 rixaecommittendae
830 1010 889 1044 cnu-

133 1072 161 1119 sd
174 1070 270 1119 clamor
286 1083 354 1121 ortus
371 1070 437 1135 esset,
454 1073 584 1139 principes>
598 1070 702 1137 leuatus,
719 1067 800 1139 primi
810 1073 895 1125 turbae·
918 1063 920 1068 ¹
1007 1116 1010 1127 .

133 1140 269 1205 offerentes
288 1146 322 1211 se,
340 1149 398 1215 peti,
415 1147 491 1211 feriri,
508 1143 584 1213 atque
600 1146 689 1198 occidi'
699 1148 830 1219 jubebant.
855 1149 898 1199 ab³

134 1225 230 1273 horum
240 1226 352 1276 aetatibur
361 1224 570 1291 dignitatibusque
581 1227 606 1276 ἃ
614 1227 752 1277 honoribus
765 1226 897 1278 violandis-

134 1300 199 1351 dum
210 1301 383 1365 abstinebatur,
401 1302 426 1353 n
436 1302 468 1353 ad
485 1302 593 1368 rquuor
604 1302 692 1354 similer
702 1313 806 1354 conatur
816 1318 889 1353 vere-

135 1378 229 1428 cundia
240 1378 282 1430 irae
293 1380 421 1443 obstabat;
440 1381 558 1431 Camillus
574 1379 708 1431 identidem
723 1380 839 1431 omnibus
850 1380 889 1431 lo-

134 1456 172 1505 cis
192 1457 404 1511 concionabatur:
421 1457 491 1507 Haud
508 1459 589 1507 minori
608 1458 633 1507 id
648 1458 732 1525 quidem
751 1457 797 1526 effe,
807 1458 892 1523 furere

133 1532 261 1597 civitatem,
268 1551 317 1601 qna,
325 1537 428 1586 damnata
438 1534 494 1600 uoti,
504 1534 599 1585 omniurn
610 1550 684 1585 rernm
689 1538 797 1602 potiorem
804 1551 889 1601 curam,

132 1608 345 1679 qudnr'religionese
355 1612 484 1681 exsoluendi,
500 1610 585 1681 labent.
620 1612 691 1663 Nihil
699 1613 725 1662 de
735 1612 844 1663 collatione
853 1614 889 1663 di·

132 1700 192 1751 eere,
203 1688 270 1755 stipis
281 1694 364 1753 verim,
382 1692 447 1757 quim
458 1691 548 1739 decuma
555 1708 563 1751 ς
580 1692 698 1757 quandoid
708 1694 735 1757 se
744 1692 828 1758 quisque
835 1692 888 1758 pri·

132 1764 211 1815 vatim
221 1766 359 1835 obligaverit,
377 1766 478 1817 liberatus
483 1767 514 1831 fit
521 1767 623 1832 populns.
657 1769 788 1832 Enimuero,
804 1768 892 1833 illndfl*

132 1850 214 1909 toene,
225 1848 289 1913 suain
301 1834 447 1913 conscienlinin
458 1860 499 1894 non
510 1844 576 1911 pati.-
592 1846 647 1911 qnid
657 1861 683 1896 ex
694 1860 720 1895 ea
735 1849 821 1895 tannim
828 1857 887 1911 prn-

131 1921 173 1985 da,
189 1938 231 1988 qne
247 1938 320 1973 rerum
332 1924 464 1971 inruentium
478 1920 517 1984 fit,
534 1922 623 1969 lecum
633 1911 767 1989 dejignetnr:
783 1920 842 1971 cerlis
852 1930 888 1970 at-
931 1947 934 1952 ,

132 2012 176 2067 que
186 2000 236 2064 agri
246 2000 313 2066 capti,
329 2014 372 2064 qun
383 1998 410 2047 dn
422 1998 469 2063 ipfii
479 2006 530 2045 voto
539 1997 680 2061 continentur,
697 1999 824 2047 mentionem
840 1996 890 2047 nnl-

133 2075 249 2138 lamfieri.
285 2080 371 2139 Quum
383 2090 412 2123 ea
431 2073 587 2141 disceptatio,
603 2090 693 2142 anceps
713 2075 809 2126 senatui
824 2075 888 2141 visa,

134 2150 249 2215 delegata
264 2152 296 2203 ad
313 2150 444 2219 pontifices
459 2149 535 2213 effet3
550 2150 663 2202 adhibito
674 2152 788 2217 Camillo,
805 2152 888 2205 visum

136 2228 253 2293 collegio,
270 2230 337 2295 quod
346 2230 398 2294 ejus
414 2241 470 2281 ante
486 2240 736 2299 conceptumvotum
743 2232 888 2298 Vejentium

136 2304 228 2370 suiffet,
238 2306 264 2356 ἃ
274 2306 328 2374 post
337 2318 427 2357 votum
436 2309 462 2359 in
473 2308 620 2376 potestatem
627 2309 713 2376 populi
721 2309 830 2360 Romani
841 2325 887 2361 ve-

134 2380 214 2447 uidet,
232 2383 282 2449 ejus
291 2394 386 2451 partem
398 2384 527 2436 decumam
538 2385 650 2453 Apollini
658 2385 751 2440 sacram
763 2389 818 2437 effe.
845 2388 887 2439 Ita

134 2462 162 2511 in
170 2458 354 2513 aestimationem
370 2463 429 2515 urbs
440 2478 548 2529 agerque
559 2464 644 2513 venit:
663 2464 768 2529 pecunia
784 2479 817 2519 ex
826 2478 885 2515 aera-

134 2537 174 2591 rio
186 2528 309 2605 prompta,
328 2540 353 2589 ἃ
370 2540 474 2591 tribunis
490 2538 785 2602 militumconlularibuc,
801 2549 831 2587 ut
841 2554 888 2611 nu·¹

135 2629 191 2665 rum
199 2630 238 2664 en
247 2632 276 2665 ea
290 2619 438 2678 coemerent,
456 2615 586 2679 negotium
602 2613 697 2663 datum.
723 2616 793 2678 eujus
807 2621 886 2682 quum

135 2694 209 2760 copia
220 2708 271 2743 non
283 2690 349 2753 effer,
358 2702 486 2755 matronae,
504 2684 606 2740 coetibus
618 2689 715 2741 adeam
727 2706 779 2741 rem
787 2682 887 2743 consulss

135 2772 237 2821 tendam
247 2770 345 2833 habitis,
362 2770 388 2819 ἃ
399 2768 526 2819 communi
538 2769 638 2822 decreto
654 2770 771 2838 pollicita
779 2770 885 2824 tribunis

135 2848 243 2915 militum
258 2864 346 2898 aurum
364 2848 389 2897 ἃ
405 2848 491 2899 omnia
507 2860 653 2900 ornamenta
669 2847 720 2914 sua,
737 2852 763 2902 in
772 2849 886 2905 aeranum'

135 2926 284 2977 detulerunt.
320 2929 398 2977 Grata
409 2940 438 2976 ea
448 2941 495 2991 res,
512 2938 542 2978 ut
555 2944 609 2994 quae
620 2928 727 2979 maxime
735 2928 829 2981 senatui
837 2945 886 2979 un·

136 3020 219 3075 quam,
230 3003 293 3057 luit:
305 3005 476 3073 honoremque
487 3003 521 3057 ob
533 3004 792 3058 eemmunificentiam
801 3006 887 3055 ferunt

788 3092 884 3137 mitto·
