<?xml version="1.0" encoding="UTF-8"?>
<!DOCTYPE html PUBLIC "-//W3C//DTD XHTML 1.0 Transitional//EN"
    "http://www.w3.org/TR/xhtml1/DTD/xhtml1-transitional.dtd">
<html xmlns="http://www.w3.org/1999/xhtml" xml:lang="en" lang="en">
 <head>
  <title>
</title>
<meta http-equiv="Content-Type" content="text/html;charset=utf-8" />
  <meta name='ocr-system' content='tesseract 3.04.00' />
  <meta name='ocr-capabilities' content='ocr_page ocr_carea ocr_par ocr_line ocrx_word'/>
</head>
<body>
  <div class='ocr_page' id='page_1' title='image "./historiarumabur01livygoog_0156.png"; bbox 0 0 2117 3642; ppageno 0'>
   <div class='ocr_carea' id='block_1_1' title="bbox 181 242 992 397">
    <p class='ocr_par' dir='ltr' id='par_1_1' title="bbox 181 242 992 397">
     <span class='ocr_line' id='line_1_1' title="bbox 218 242 701 313; baseline -0.01 -12"><span class='ocrx_word' id='word_1_1' title='bbox 218 256 265 313; x_wconf 70' lang='lat' dir='ltr'><strong><em>m</em></strong></span> <span class='ocrx_word' id='word_1_2' title='bbox 471 243 525 297; x_wconf 61' lang='lat' dir='ltr'>TC</span> <span class='ocrx_word' id='word_1_3' title='bbox 545 245 568 297; x_wconf 88' lang='lat' dir='ltr'>L</span> <span class='ocrx_word' id='word_1_4' title='bbox 585 243 599 296; x_wconf 88' lang='lat'>1</span> <span class='ocrx_word' id='word_1_5' title='bbox 615 246 641 297; x_wconf 86' lang='lat' dir='ltr'>V</span> <span class='ocrx_word' id='word_1_6' title='bbox 657 242 701 297; x_wconf 91' lang='lat'>11</span> 
     </span>
     <span class='ocr_line' id='line_1_2' title="bbox 181 332 992 397; baseline 0.001 -9"><span class='ocrx_word' id='word_1_7' title='bbox 181 382 186 388; x_wconf 90' lang='lat'>.</span> <span class='ocrx_word' id='word_1_8' title='bbox 248 341 297 391; x_wconf 83' lang='lat' dir='ltr'>VI.</span> <span class='ocrx_word' id='word_1_9' title='bbox 316 335 424 391; x_wconf 79' lang='lat' dir='ltr'>Comitia</span> <span class='ocrx_word' id='word_1_10' title='bbox 434 335 491 387; x_wconf 88' lang='lat' dir='ltr'>inde</span> <span class='ocrx_word' id='word_1_11' title='bbox 502 336 596 387; x_wconf 81' lang='lat' dir='ltr'>habita.</span> <span class='ocrx_word' id='word_1_12' title='bbox 630 332 826 397; x_wconf 64' lang='lat' dir='ltr'>meleonrues</span> <span class='ocrx_word' id='word_1_13' title='bbox 837 333 877 385; x_wconf 74' lang='lat' dir='ltr'>L.</span> <span class='ocrx_word' id='word_1_14' title='bbox 893 335 992 390; x_wconf 83' lang='lat' dir='ltr'>AEbu·</span> 
     </span>
    </p>
   </div>
   <div class='ocr_carea' id='block_1_2' title="bbox 118 414 990 483">
    <p class='ocr_par' dir='ltr' id='par_1_2' title="bbox 118 414 990 483">
     <span class='ocr_line' id='line_1_3' title="bbox 118 414 990 483; baseline -0.008 -11"><span class='ocrx_word' id='word_1_15' title='bbox 118 461 124 480; x_wconf 37' lang='lat' dir='ltr'>x</span> <span class='ocrx_word' id='word_1_16' title='bbox 200 418 272 483; x_wconf 52' lang='lat' dir='ltr'>‘ling</span> <span class='ocrx_word' id='word_1_17' title='bbox 289 421 316 469; x_wconf 82' lang='lat' dir='ltr'>P.</span> <span class='ocrx_word' id='word_1_18' title='bbox 329 417 445 468; x_wconf 79' lang='lat' dir='ltr'>Servilius</span> <span class='ocrx_word' id='word_1_19' title='bbox 456 414 570 465; x_wconf 71' lang='lat' dir='ltr'>Kumdis</span> <span class='ocrx_word' id='word_1_20' title='bbox 590 414 731 478; x_wconf 80' lang='lat' dir='ltr'>Sextilibus,</span> <span class='ocrx_word' id='word_1_21' title='bbox 747 423 777 463; x_wconf 88' lang='lat' dir='ltr'>ut</span> <span class='ocrx_word' id='word_1_22' title='bbox 794 424 858 463; x_wconf 86' lang='lat' dir='ltr'>tunc</span> <span class='ocrx_word' id='word_1_23' title='bbox 878 414 990 481; x_wconf 87' lang='lat' dir='ltr'>princi·</span> 
     </span>
    </p>
   </div>
   <div class='ocr_carea' id='block_1_3' title="bbox 171 491 988 3185">
    <p class='ocr_par' dir='ltr' id='par_1_3' title="bbox 171 491 988 3185">
     <span class='ocr_line' id='line_1_4' title="bbox 214 491 988 563; baseline -0.004 -18"><span class='ocrx_word' id='word_1_24' title='bbox 214 497 285 563; x_wconf 79' lang='lat' dir='ltr'>pium</span> <span class='ocrx_word' id='word_1_25' title='bbox 298 495 358 544; x_wconf 90' lang='lat' dir='ltr'>anni</span> <span class='ocrx_word' id='word_1_26' title='bbox 370 494 498 559; x_wconf 79' lang='lat' dir='ltr'>agebatur,</span> <span class='ocrx_word' id='word_1_27' title='bbox 514 491 669 543; x_wconf 86' lang='lat' dir='ltr'>consulatum</span> <span class='ocrx_word' id='word_1_28' title='bbox 680 492 774 541; x_wconf 87' lang='lat' dir='ltr'>incunt.</span> <span class='ocrx_word' id='word_1_29' title='bbox 802 492 899 541; x_wconf 84' lang='lat' dir='ltr'>Grave</span> <span class='ocrx_word' id='word_1_30' title='bbox 911 504 988 542; x_wconf 85' lang='lat' dir='ltr'>tem-</span> 
     </span>
     <span class='ocr_line' id='line_1_5' title="bbox 213 566 987 640; baseline -0.004 -16"><span class='ocrx_word' id='word_1_31' title='bbox 213 587 260 640; x_wconf 79' lang='lat' dir='ltr'>pus</span> <span class='ocrx_word' id='word_1_32' title='bbox 271 573 296 624; x_wconf 68' lang='grc' dir='ltr'><strong><em>ἃ</em></strong></span> <span class='ocrx_word' id='word_1_33' title='bbox 306 572 371 623; x_wconf 76' lang='lat' dir='ltr'>sorte</span> <span class='ocrx_word' id='word_1_34' title='bbox 381 586 458 622; x_wconf 83' lang='lat' dir='ltr'>annus</span> <span class='ocrx_word' id='word_1_35' title='bbox 466 568 579 638; x_wconf 80' lang='lat' dir='ltr'>pestilens</span> <span class='ocrx_word' id='word_1_36' title='bbox 593 578 646 619; x_wconf 82' lang='lat' dir='ltr'>eret</span> <span class='ocrx_word' id='word_1_37' title='bbox 656 568 712 619; x_wconf 91' lang='lat' dir='ltr'>urbi</span> <span class='ocrx_word' id='word_1_38' title='bbox 723 566 844 635; x_wconf 80' lang='lat' dir='ltr'>agrisque,</span> <span class='ocrx_word' id='word_1_39' title='bbox 863 584 920 619; x_wconf 90' lang='lat' dir='ltr'>nec</span> <span class='ocrx_word' id='word_1_40' title='bbox 932 571 987 621; x_wconf 88' lang='lat' dir='ltr'>ho·</span> 
     </span>
     <span class='ocr_line' id='line_1_6' title="bbox 212 644 985 716; baseline -0.004 -15"><span class='ocrx_word' id='word_1_41' title='bbox 212 650 320 702; x_wconf 68' lang='lat' dir='ltr'>minibus</span> <span class='ocrx_word' id='word_1_42' title='bbox 336 651 422 715; x_wconf 80' lang='lat' dir='ltr'>magis,</span> <span class='ocrx_word' id='word_1_43' title='bbox 440 654 513 716; x_wconf 58' lang='lat' dir='ltr'>quffaru</span> <span class='ocrx_word' id='word_1_44' title='bbox 529 648 614 715; x_wconf 86' lang='lat' dir='ltr'>pecori</span> <span class='ocrx_word' id='word_1_45' title='bbox 623 667 630 710; x_wconf 68' lang='grc' dir='ltr'>ς</span> <span class='ocrx_word' id='word_1_46' title='bbox 648 644 674 697; x_wconf 67' lang='grc' dir='ltr'>ἃ</span> <span class='ocrx_word' id='word_1_47' title='bbox 693 660 785 697; x_wconf 83' lang='lat' dir='ltr'>auxere</span> <span class='ocrx_word' id='word_1_48' title='bbox 801 648 859 695; x_wconf 83' lang='lat' dir='ltr'>vim</span> <span class='ocrx_word' id='word_1_49' title='bbox 875 649 985 713; x_wconf 80' lang='lat' dir='ltr'>morbi,</span> 
     </span>
     <span class='ocr_line' id='line_1_7' title="bbox 212 723 983 797; baseline -0.003 -18"><span class='ocrx_word' id='word_1_50' title='bbox 212 738 307 779; x_wconf 82' lang='lat' dir='ltr'>terrore</span> <span class='ocrx_word' id='word_1_51' title='bbox 317 729 486 797; x_wconf 79' lang='lat' dir='ltr'>populationis</span> <span class='ocrx_word' id='word_1_52' title='bbox 496 726 628 794; x_wconf 84' lang='lat' dir='ltr'>pecoribus</span> <span class='ocrx_word' id='word_1_53' title='bbox 641 723 821 790; x_wconf 73' lang='lat' dir='ltr'>agrestibusque</span> <span class='ocrx_word' id='word_1_54' title='bbox 833 726 860 773; x_wconf 92' lang='lat' dir='ltr'>in</span> <span class='ocrx_word' id='word_1_55' title='bbox 879 724 983 777; x_wconf 79' lang='lat' dir='ltr'>urbem</span> 
     </span>
     <span class='ocr_line' id='line_1_8' title="bbox 209 802 981 873; baseline 0.001 -18"><span class='ocrx_word' id='word_1_56' title='bbox 209 802 327 873; x_wconf 65' lang='lat' dir='ltr'>acceptis.</span> <span class='ocrx_word' id='word_1_57' title='bbox 361 809 398 856; x_wconf 79' lang='lat' dir='ltr'>Ea</span> <span class='ocrx_word' id='word_1_58' title='bbox 414 806 525 856; x_wconf 87' lang='lat' dir='ltr'>colluvio</span> <span class='ocrx_word' id='word_1_59' title='bbox 545 804 682 853; x_wconf 86' lang='lat' dir='ltr'>mixtorum</span> <span class='ocrx_word' id='word_1_60' title='bbox 700 804 780 869; x_wconf 80' lang='lat' dir='ltr'>omnis</span> <span class='ocrx_word' id='word_1_61' title='bbox 796 804 901 867; x_wconf 79' lang='lat' dir='ltr'>generis</span> <span class='ocrx_word' id='word_1_62' title='bbox 917 808 981 856; x_wconf 85' lang='lat' dir='ltr'>ani·</span> 
     </span>
     <span class='ocr_line' id='line_1_9' title="bbox 211 879 980 945; baseline 0.003 -14"><span class='ocrx_word' id='word_1_63' title='bbox 211 882 334 931; x_wconf 78' lang='lat' dir='ltr'>mentium</span> <span class='ocrx_word' id='word_1_64' title='bbox 345 881 459 933; x_wconf 83' lang='lat' dir='ltr'>&amp;odore</span> <span class='ocrx_word' id='word_1_65' title='bbox 470 879 570 930; x_wconf 88' lang='lat' dir='ltr'>insolito</span> <span class='ocrx_word' id='word_1_66' title='bbox 584 879 699 943; x_wconf 81' lang='lat' dir='ltr'>urbanos,</span> <span class='ocrx_word' id='word_1_67' title='bbox 717 880 743 929; x_wconf 77' lang='grc' dir='ltr'>δι</span> <span class='ocrx_word' id='word_1_68' title='bbox 758 880 891 945; x_wconf 79' lang='lat' dir='ltr'>agrestem,</span> <span class='ocrx_word' id='word_1_69' title='bbox 911 897 980 933; x_wconf 91' lang='lat' dir='ltr'>con·</span> 
     </span>
     <span class='ocr_line' id='line_1_10' title="bbox 211 954 982 1023; baseline 0.003 -14"><span class='ocrx_word' id='word_1_70' title='bbox 211 957 303 1010; x_wconf 79' lang='lat' dir='ltr'>sertum</span> <span class='ocrx_word' id='word_1_71' title='bbox 317 959 344 1008; x_wconf 87' lang='lat' dir='ltr'>in</span> <span class='ocrx_word' id='word_1_72' title='bbox 357 956 422 1008; x_wconf 71' lang='lat' dir='ltr'>arsia</span> <span class='ocrx_word' id='word_1_73' title='bbox 438 955 509 1020; x_wconf 76' lang='lat' dir='ltr'>tesia,</span> <span class='ocrx_word' id='word_1_74' title='bbox 526 954 583 1007; x_wconf 75' lang='lat' dir='ltr'>auu</span> <span class='ocrx_word' id='word_1_75' title='bbox 599 972 629 1006; x_wconf 82' lang='lat' dir='ltr'>ac</span> <span class='ocrx_word' id='word_1_76' title='bbox 645 957 738 1021; x_wconf 79' lang='lat' dir='ltr'>vigiliis</span> <span class='ocrx_word' id='word_1_77' title='bbox 754 956 872 1023; x_wconf 81' lang='lat' dir='ltr'>angebat,</span> <span class='ocrx_word' id='word_1_78' title='bbox 893 959 982 1011; x_wconf 77' lang='lat' dir='ltr'>mini-&#39;</span> 
     </span>
     <span class='ocr_line' id='line_1_11' title="bbox 211 1033 976 1101; baseline 0.005 -16"><span class='ocrx_word' id='word_1_79' title='bbox 211 1034 331 1101; x_wconf 82' lang='lat' dir='ltr'>ileriaque</span> <span class='ocrx_word' id='word_1_80' title='bbox 342 1036 369 1085; x_wconf 89' lang='lat' dir='ltr'>in</span> <span class='ocrx_word' id='word_1_81' title='bbox 377 1035 461 1085; x_wconf 81' lang='lat' dir='ltr'>vicem</span> <span class='ocrx_word' id='word_1_82' title='bbox 470 1050 500 1085; x_wconf 89' lang='lat' dir='ltr'>ac</span> <span class='ocrx_word' id='word_1_83' title='bbox 515 1033 632 1099; x_wconf 79' lang='lat' dir='ltr'>contagio</span> <span class='ocrx_word' id='word_1_84' title='bbox 639 1034 691 1100; x_wconf 81' lang='lat' dir='ltr'>ipsa</span> <span class='ocrx_word' id='word_1_85' title='bbox 705 1034 841 1101; x_wconf 76' lang='lat' dir='ltr'>vulgabant</span> <span class='ocrx_word' id='word_1_86' title='bbox 851 1036 976 1089; x_wconf 77' lang='lat' dir='ltr'>morbos.</span> 
     </span>
     <span class='ocr_line' id='line_1_12' title="bbox 211 1111 974 1179; baseline 0.004 -16"><span class='ocrx_word' id='word_1_87' title='bbox 211 1114 266 1164; x_wconf 85' lang='lat' dir='ltr'>Vix</span> <span class='ocrx_word' id='word_1_88' title='bbox 276 1114 390 1165; x_wconf 77' lang='lat' dir='ltr'>instantes</span> <span class='ocrx_word' id='word_1_89' title='bbox 407 1112 578 1164; x_wconf 78' lang='lat' dir='ltr'>sustinentibus</span> <span class='ocrx_word' id='word_1_90' title='bbox 592 1111 672 1163; x_wconf 76' lang='lat' dir='ltr'>clides</span> <span class='ocrx_word' id='word_1_91' title='bbox 691 1116 791 1179; x_wconf 70' lang='lat' dir='ltr'>repenti:</span> <span class='ocrx_word' id='word_1_92' title='bbox 804 1114 884 1178; x_wconf 79' lang='lat' dir='ltr'>legati</span> <span class='ocrx_word' id='word_1_93' title='bbox 905 1116 974 1166; x_wconf 82' lang='lat' dir='ltr'>Her-</span> 
     </span>
     <span class='ocr_line' id='line_1_13' title="bbox 210 1189 971 1257; baseline 0.003 -16"><span class='ocrx_word' id='word_1_94' title='bbox 210 1191 263 1241; x_wconf 78' lang='lat' dir='ltr'>niel</span> <span class='ocrx_word' id='word_1_95' title='bbox 273 1193 402 1256; x_wconf 77' lang='lat' dir='ltr'>nunciant,</span> <span class='ocrx_word' id='word_1_96' title='bbox 417 1193 444 1241; x_wconf 91' lang='lat' dir='ltr'>in</span> <span class='ocrx_word' id='word_1_97' title='bbox 452 1206 515 1257; x_wconf 83' lang='lat' dir='ltr'>agro</span> <span class='ocrx_word' id='word_1_98' title='bbox 527 1189 572 1241; x_wconf 85' lang='lat' dir='ltr'>suo</span> <span class='ocrx_word' id='word_1_99' title='bbox 587 1192 681 1255; x_wconf 78' lang='lat' dir='ltr'>AEquos</span> <span class='ocrx_word' id='word_1_100' title='bbox 693 1189 847 1256; x_wconf 83' lang='lat' dir='ltr'>Volscosque</span> <span class='ocrx_word' id='word_1_101' title='bbox 858 1193 971 1255; x_wconf 86' lang='lat' dir='ltr'>conjun-</span> 
     </span>
     <span class='ocr_line' id='line_1_14' title="bbox 210 1265 971 1337; baseline 0.007 -21"><span class='ocrx_word' id='word_1_102' title='bbox 210 1265 255 1316; x_wconf 70' lang='grc' dir='ltr'>δὶς</span> <span class='ocrx_word' id='word_1_103' title='bbox 270 1268 349 1335; x_wconf 81' lang='lat' dir='ltr'>copiis</span> <span class='ocrx_word' id='word_1_104' title='bbox 363 1269 438 1319; x_wconf 85' lang='lat' dir='ltr'>eallra</span> <span class='ocrx_word' id='word_1_105' title='bbox 452 1266 564 1337; x_wconf 72' lang='lat' dir='ltr'>posuisse.</span> <span class='ocrx_word' id='word_1_106' title='bbox 599 1266 656 1317; x_wconf 88' lang='lat' dir='ltr'>inde</span> <span class='ocrx_word' id='word_1_107' title='bbox 672 1267 783 1317; x_wconf 85' lang='lat' dir='ltr'>exercitu</span> <span class='ocrx_word' id='word_1_108' title='bbox 795 1268 895 1332; x_wconf 82' lang='lat' dir='ltr'>ingenti</span> <span class='ocrx_word' id='word_1_109' title='bbox 908 1268 971 1321; x_wconf 83' lang='lat' dir='ltr'>fines</span> 
     </span>
     <span class='ocr_line' id='line_1_15' title="bbox 211 1340 969 1411; baseline 0.005 -20"><span class='ocrx_word' id='word_1_110' title='bbox 211 1340 267 1394; x_wconf 85' lang='lat' dir='ltr'>suos</span> <span class='ocrx_word' id='word_1_111' title='bbox 279 1342 432 1411; x_wconf 83' lang='lat' dir='ltr'>depopulari.</span> <span class='ocrx_word' id='word_1_112' title='bbox 467 1346 632 1409; x_wconf 78' lang='lat' dir='ltr'>Praetcrquam</span> <span class='ocrx_word' id='word_1_113' title='bbox 649 1342 715 1409; x_wconf 78' lang='lat' dir='ltr'>quod</span> <span class='ocrx_word' id='word_1_114' title='bbox 732 1343 874 1410; x_wconf 81' lang='lat' dir='ltr'>infrequens</span> <span class='ocrx_word' id='word_1_115' title='bbox 896 1344 969 1395; x_wconf 86' lang='lat' dir='ltr'>sena-</span> 
     </span>
     <span class='ocr_line' id='line_1_16' title="bbox 210 1419 967 1487; baseline 0.004 -17"><span class='ocrx_word' id='word_1_116' title='bbox 210 1430 251 1470; x_wconf 83' lang='lat' dir='ltr'>tus</span> <span class='ocrx_word' id='word_1_117' title='bbox 267 1421 360 1473; x_wconf 88' lang='lat' dir='ltr'>indicio</span> <span class='ocrx_word' id='word_1_118' title='bbox 378 1433 431 1473; x_wconf 86' lang='lat' dir='ltr'>erat</span> <span class='ocrx_word' id='word_1_119' title='bbox 448 1421 527 1486; x_wconf 82' lang='lat' dir='ltr'>sociis,</span> <span class='ocrx_word' id='word_1_120' title='bbox 545 1419 659 1471; x_wconf 78' lang='lat' dir='ltr'>afflillam</span> <span class='ocrx_word' id='word_1_121' title='bbox 679 1422 807 1471; x_wconf 85' lang='lat' dir='ltr'>civitatem</span> <span class='ocrx_word' id='word_1_122' title='bbox 826 1421 967 1487; x_wconf 70' lang='lat' dir='ltr'>pestilentie</span> 
     </span>
     <span class='ocr_line' id='line_1_17' title="bbox 210 1497 965 1569; baseline 0.001 -21"><span class='ocrx_word' id='word_1_123' title='bbox 210 1497 266 1564; x_wconf 84' lang='lat' dir='ltr'>esse,</span> <span class='ocrx_word' id='word_1_124' title='bbox 283 1500 396 1552; x_wconf 84' lang='lat' dir='ltr'>moeslum</span> <span class='ocrx_word' id='word_1_125' title='bbox 409 1502 490 1551; x_wconf 79' lang='lat' dir='ltr'>etiam</span> <span class='ocrx_word' id='word_1_126' title='bbox 506 1500 650 1567; x_wconf 81' lang='lat' dir='ltr'>responsruu</span> <span class='ocrx_word' id='word_1_127' title='bbox 669 1500 766 1550; x_wconf 75' lang='lat' dir='ltr'>urlerc:</span> <span class='ocrx_word' id='word_1_128' title='bbox 782 1507 806 1548; x_wconf 76' lang='lat' dir='ltr'>rei</span> <span class='ocrx_word' id='word_1_129' title='bbox 820 1503 906 1567; x_wconf 77' lang='lat' dir='ltr'>perse</span> <span class='ocrx_word' id='word_1_130' title='bbox 924 1501 965 1569; x_wconf 74' lang='lat' dir='ltr'>ipſs</span> 
     </span>
     <span class='ocr_line' id='line_1_18' title="bbox 210 1573 963 1643; baseline 0.004 -18"><span class='ocrx_word' id='word_1_131' title='bbox 210 1574 301 1625; x_wconf 76' lang='lat' dir='ltr'>Hernici</span> <span class='ocrx_word' id='word_1_132' title='bbox 308 1590 356 1626; x_wconf 83' lang='lat' dir='ltr'>cum</span> <span class='ocrx_word' id='word_1_133' title='bbox 373 1578 459 1628; x_wconf 75' lang='lat' dir='ltr'>Latinis</span> <span class='ocrx_word' id='word_1_134' title='bbox 474 1592 509 1627; x_wconf 84' lang='lat' dir='ltr'>rer</span> <span class='ocrx_word' id='word_1_135' title='bbox 519 1579 574 1643; x_wconf 79' lang='lat' dir='ltr'>ficas</span> <span class='ocrx_word' id='word_1_136' title='bbox 590 1584 721 1627; x_wconf 69' lang='lat' dir='ltr'>tutarentur.</span> <span class='ocrx_word' id='word_1_137' title='bbox 747 1573 829 1625; x_wconf 79' lang='lat' dir='ltr'>Urbem</span> <span class='ocrx_word' id='word_1_138' title='bbox 840 1578 963 1627; x_wconf 71' lang='lat' dir='ltr'>Rammium</span> 
     </span>
     <span class='ocr_line' id='line_1_19' title="bbox 200 1652 987 1721; baseline 0.005 -21"><span class='ocrx_word' id='word_1_139' title='bbox 200 1652 278 1719; x_wconf 68' lang='lat' dir='ltr'>subita</span> <span class='ocrx_word' id='word_1_140' title='bbox 288 1653 364 1703; x_wconf 72' lang='lat' dir='ltr'>Derim</span> <span class='ocrx_word' id='word_1_141' title='bbox 374 1653 409 1705; x_wconf 77' lang='lat' dir='ltr'>iri</span> <span class='ocrx_word' id='word_1_142' title='bbox 419 1652 491 1704; x_wconf 79' lang='lat' dir='ltr'>morlo</span> <span class='ocrx_word' id='word_1_143' title='bbox 497 1654 606 1720; x_wconf 73' lang='lat' dir='ltr'>populari.</span> <span class='ocrx_word' id='word_1_144' title='bbox 629 1654 655 1703; x_wconf 82' lang='lat' dir='ltr'>Si</span> <span class='ocrx_word' id='word_1_145' title='bbox 664 1669 704 1721; x_wconf 80' lang='lat' dir='ltr'>qua</span> <span class='ocrx_word' id='word_1_146' title='bbox 720 1654 765 1720; x_wconf 77' lang='lat' dir='ltr'>eju</span> <span class='ocrx_word' id='word_1_147' title='bbox 776 1653 828 1703; x_wconf 77' lang='lat' dir='ltr'>mall</span> <span class='ocrx_word' id='word_1_148' title='bbox 841 1656 902 1721; x_wconf 72' lang='lat' dir='ltr'>quies</span> <span class='ocrx_word' id='word_1_149' title='bbox 921 1670 960 1704; x_wconf 83' lang='lat' dir='ltr'>ve·</span> <span class='ocrx_word' id='word_1_150' title='bbox 985 1692 987 1697; x_wconf 93' lang='lat'><em>.</em></span> 
     </span>
     <span class='ocr_line' id='line_1_20' title="bbox 210 1730 960 1803; baseline 0.004 -24"><span class='ocrx_word' id='word_1_151' title='bbox 210 1730 266 1791; x_wconf 73' lang='lat' dir='ltr'>nial,</span> <span class='ocrx_word' id='word_1_152' title='bbox 278 1740 302 1780; x_wconf 78' lang='lat' dir='ltr'>ut</span> <span class='ocrx_word' id='word_1_153' title='bbox 312 1746 366 1780; x_wconf 72' lang='lat' dir='ltr'>amre</span> <span class='ocrx_word' id='word_1_154' title='bbox 376 1736 433 1797; x_wconf 67' lang='lat' dir='ltr'>anti,</span> <span class='ocrx_word' id='word_1_155' title='bbox 449 1733 569 1798; x_wconf 53' lang='lat' dir='ltr'>cusemper</span> <span class='ocrx_word' id='word_1_156' title='bbox 579 1730 643 1796; x_wconf 67' lang='lat' dir='ltr'>alus,</span> <span class='ocrx_word' id='word_1_157' title='bbox 655 1732 720 1796; x_wconf 85' lang='lat' dir='ltr'>sociis</span> <span class='ocrx_word' id='word_1_158' title='bbox 730 1744 791 1799; x_wconf 84' lang='lat' dir='ltr'>opem</span> <span class='ocrx_word' id='word_1_159' title='bbox 800 1731 890 1803; x_wconf 71' lang='lat' dir='ltr'>ltquros.</span> <span class='ocrx_word' id='word_1_160' title='bbox 904 1732 960 1782; x_wconf 85' lang='lat' dir='ltr'>Dis·</span> 
     </span>
     <span class='ocr_line' id='line_1_21' title="bbox 210 1805 958 1877; baseline 0.007 -23"><span class='ocrx_word' id='word_1_161' title='bbox 210 1805 298 1855; x_wconf 77' lang='lat' dir='ltr'>cessere</span> <span class='ocrx_word' id='word_1_162' title='bbox 310 1806 379 1873; x_wconf 85' lang='lat' dir='ltr'>socii,</span> <span class='ocrx_word' id='word_1_163' title='bbox 396 1824 443 1877; x_wconf 89' lang='lat' dir='ltr'>pro</span> <span class='ocrx_word' id='word_1_164' title='bbox 463 1808 522 1857; x_wconf 86' lang='lat' dir='ltr'>tristi</span> <span class='ocrx_word' id='word_1_165' title='bbox 539 1808 631 1858; x_wconf 89' lang='lat' dir='ltr'>nuncio</span> <span class='ocrx_word' id='word_1_166' title='bbox 650 1807 779 1858; x_wconf 87' lang='lat' dir='ltr'>tristiorem</span> <span class='ocrx_word' id='word_1_167' title='bbox 798 1806 902 1858; x_wconf 85' lang='lat' dir='ltr'>domurn</span> <span class='ocrx_word' id='word_1_168' title='bbox 920 1825 958 1859; x_wconf 88' lang='lat' dir='ltr'>re·</span> 
     </span>
     <span class='ocr_line' id='line_1_22' title="bbox 209 1881 958 1953; baseline 0.001 -18"><span class='ocrx_word' id='word_1_169' title='bbox 209 1881 331 1945; x_wconf 84' lang='lat' dir='ltr'>serentes;</span> <span class='ocrx_word' id='word_1_170' title='bbox 348 1884 438 1953; x_wconf 86' lang='lat' dir='ltr'>quippe</span> <span class='ocrx_word' id='word_1_171' title='bbox 449 1884 538 1951; x_wconf 80' lang='lat' dir='ltr'>quibus</span> <span class='ocrx_word' id='word_1_172' title='bbox 553 1898 597 1949; x_wconf 85' lang='lat' dir='ltr'>per</span> <span class='ocrx_word' id='word_1_173' title='bbox 612 1881 637 1933; x_wconf 90' lang='lat' dir='ltr'>se</span> <span class='ocrx_word' id='word_1_174' title='bbox 651 1884 814 1935; x_wconf 87' lang='lat' dir='ltr'>sustinendum</span> <span class='ocrx_word' id='word_1_175' title='bbox 827 1884 922 1935; x_wconf 87' lang='lat' dir='ltr'>bellum</span> <span class='ocrx_word' id='word_1_176' title='bbox 933 1901 958 1935; x_wconf 89' lang='lat' dir='ltr'>e·</span> 
     </span>
     <span class='ocr_line' id='line_1_23' title="bbox 208 1960 957 2027; baseline 0.004 -15"><span class='ocrx_word' id='word_1_177' title='bbox 208 1971 255 2024; x_wconf 85' lang='lat' dir='ltr'>rat,</span> <span class='ocrx_word' id='word_1_178' title='bbox 266 1961 333 2027; x_wconf 86' lang='lat' dir='ltr'>quod</span> <span class='ocrx_word' id='word_1_179' title='bbox 346 1963 393 2014; x_wconf 77' lang='lat' dir='ltr'>vix</span> <span class='ocrx_word' id='word_1_180' title='bbox 408 1963 526 2014; x_wconf 82' lang='lat' dir='ltr'>Romanis</span> <span class='ocrx_word' id='word_1_181' title='bbox 537 1961 593 2012; x_wconf 90' lang='lat' dir='ltr'>sulti</span> <span class='ocrx_word' id='word_1_182' title='bbox 604 1962 699 2013; x_wconf 87' lang='lat' dir='ltr'>viribus</span> <span class='ocrx_word' id='word_1_183' title='bbox 711 1960 879 2015; x_wconf 83' lang='lat' dir='ltr'>sustinuissent.</span> <span class='ocrx_word' id='word_1_184' title='bbox 898 1966 957 2015; x_wconf 84' lang='lat' dir='ltr'>Non</span> 
     </span>
     <span class='ocr_line' id='line_1_24' title="bbox 208 2039 955 2111; baseline 0.008 -22"><span class='ocrx_word' id='word_1_185' title='bbox 208 2039 302 2091; x_wconf 79' lang='lat' dir='ltr'>diutius</span> <span class='ocrx_word' id='word_1_186' title='bbox 314 2039 339 2092; x_wconf 88' lang='lat' dir='ltr'>se</span> <span class='ocrx_word' id='word_1_187' title='bbox 349 2042 376 2092; x_wconf 88' lang='lat' dir='ltr'>in</span> <span class='ocrx_word' id='word_1_188' title='bbox 387 2043 497 2095; x_wconf 82' lang='lat' dir='ltr'>Hernico</span> <span class='ocrx_word' id='word_1_189' title='bbox 508 2042 582 2094; x_wconf 77' lang='lat' dir='ltr'>hollir</span> <span class='ocrx_word' id='word_1_190' title='bbox 598 2043 730 2095; x_wconf 85' lang='lat' dir='ltr'>continuit.</span> <span class='ocrx_word' id='word_1_191' title='bbox 763 2043 843 2111; x_wconf 81' lang='lat' dir='ltr'>pergit</span> <span class='ocrx_word' id='word_1_192' title='bbox 854 2042 911 2093; x_wconf 91' lang='lat' dir='ltr'>inde</span> <span class='ocrx_word' id='word_1_193' title='bbox 923 2044 955 2095; x_wconf 84' lang='lat' dir='ltr'>iu-</span> 
     </span>
     <span class='ocr_line' id='line_1_25' title="bbox 208 2118 954 2187; baseline 0 -16"><span class='ocrx_word' id='word_1_194' title='bbox 208 2118 281 2171; x_wconf 78' lang='lat' dir='ltr'>seslus</span> <span class='ocrx_word' id='word_1_195' title='bbox 294 2121 320 2171; x_wconf 91' lang='lat' dir='ltr'>in</span> <span class='ocrx_word' id='word_1_196' title='bbox 339 2136 412 2187; x_wconf 80' lang='lat' dir='ltr'>agros</span> <span class='ocrx_word' id='word_1_197' title='bbox 423 2125 558 2185; x_wconf 85' lang='lat' dir='ltr'>Romanos,</span> <span class='ocrx_word' id='word_1_198' title='bbox 576 2122 651 2173; x_wconf 85' lang='lat' dir='ltr'>etiam</span> <span class='ocrx_word' id='word_1_199' title='bbox 667 2120 716 2171; x_wconf 77' lang='lat' dir='ltr'>siue</span> <span class='ocrx_word' id='word_1_200' title='bbox 727 2121 786 2171; x_wconf 86' lang='lat' dir='ltr'>belli</span> <span class='ocrx_word' id='word_1_201' title='bbox 802 2121 894 2186; x_wconf 76' lang='lat' dir='ltr'>injuria</span> <span class='ocrx_word' id='word_1_202' title='bbox 911 2137 954 2171; x_wconf 83' lang='lat' dir='ltr'>va-</span> 
     </span>
     <span class='ocr_line' id='line_1_26' title="bbox 207 2197 955 2267; baseline 0.003 -20"><span class='ocrx_word' id='word_1_203' title='bbox 207 2197 306 2248; x_wconf 61' lang='lat' dir='ltr'>uatoe</span> <span class='ocrx_word' id='word_1_204' title='bbox 324 2199 374 2249; x_wconf 88' lang='lat' dir='ltr'>Ubi</span> <span class='ocrx_word' id='word_1_205' title='bbox 391 2216 468 2267; x_wconf 85' lang='lat' dir='ltr'>quum</span> <span class='ocrx_word' id='word_1_206' title='bbox 485 2202 577 2251; x_wconf 78' lang='lat' dir='ltr'>obvius</span> <span class='ocrx_word' id='word_1_207' title='bbox 596 2215 679 2263; x_wconf 87' lang='lat' dir='ltr'>nemo,</span> <span class='ocrx_word' id='word_1_208' title='bbox 696 2215 727 2251; x_wconf 89' lang='lat' dir='ltr'>ne</span> <span class='ocrx_word' id='word_1_209' title='bbox 739 2200 837 2251; x_wconf 80' lang='lat' dir='ltr'>inermis</span> <span class='ocrx_word' id='word_1_210' title='bbox 849 2198 955 2266; x_wconf 79' lang='lat' dir='ltr'>quidem,</span> 
     </span>
     <span class='ocr_line' id='line_1_27' title="bbox 207 2274 954 2349; baseline 0.009 -26"><span class='ocrx_word' id='word_1_211' title='bbox 207 2274 286 2338; x_wconf 82' lang='lat' dir='ltr'>lieret,</span> <span class='ocrx_word' id='word_1_212' title='bbox 304 2291 395 2343; x_wconf 83' lang='lat' dir='ltr'>perque</span> <span class='ocrx_word' id='word_1_213' title='bbox 408 2279 500 2341; x_wconf 78' lang='lat' dir='ltr'>omnia,</span> <span class='ocrx_word' id='word_1_214' title='bbox 518 2293 571 2329; x_wconf 81' lang='lat' dir='ltr'>nou</span> <span class='ocrx_word' id='word_1_215' title='bbox 583 2279 695 2345; x_wconf 71' lang='lat' dir='ltr'>presidiis</span> <span class='ocrx_word' id='word_1_216' title='bbox 709 2278 895 2349; x_wconf 67' lang='lat' dir='ltr'>melotidem,</span> <span class='ocrx_word' id='word_1_217' title='bbox 913 2278 954 2330; x_wconf 85' lang='lat' dir='ltr'>scd</span> 
     </span>
     <span class='ocr_line' id='line_1_28' title="bbox 207 2352 952 2424; baseline 0.011 -25"><span class='ocrx_word' id='word_1_218' title='bbox 207 2352 282 2400; x_wconf 76' lang='lat' dir='ltr'>etiam</span> <span class='ocrx_word' id='word_1_219' title='bbox 294 2353 361 2401; x_wconf 91' lang='lat' dir='ltr'>cultu</span> <span class='ocrx_word' id='word_1_220' title='bbox 380 2355 475 2418; x_wconf 73' lang='lat' dir='ltr'>agresti,</span> <span class='ocrx_word' id='word_1_221' title='bbox 494 2354 637 2418; x_wconf 76' lang='lat' dir='ltr'>transirent5</span> <span class='ocrx_word' id='word_1_222' title='bbox 654 2372 788 2424; x_wconf 86' lang='lat' dir='ltr'>pervenere</span> <span class='ocrx_word' id='word_1_223' title='bbox 806 2356 838 2406; x_wconf 85' lang='lat' dir='ltr'>ad</span> <span class='ocrx_word' id='word_1_224' title='bbox 854 2357 952 2407; x_wconf 85' lang='lat' dir='ltr'>tertium</span> 
     </span>
     <span class='ocr_line' id='line_1_29' title="bbox 206 2428 951 2496; baseline 0.008 -17"><span class='ocrx_word' id='word_1_225' title='bbox 206 2428 314 2496; x_wconf 77' lang='lat' dir='ltr'>lapidem</span> <span class='ocrx_word' id='word_1_226' title='bbox 326 2430 425 2481; x_wconf 70' lang='lat' dir='ltr'>Gabini</span> <span class='ocrx_word' id='word_1_227' title='bbox 435 2432 487 2483; x_wconf 76' lang='lat' dir='ltr'>vil.</span> <span class='ocrx_word' id='word_1_228' title='bbox 511 2435 628 2483; x_wconf 77' lang='lat' dir='ltr'>Mortuus</span> <span class='ocrx_word' id='word_1_229' title='bbox 638 2436 751 2485; x_wconf 82' lang='lat' dir='ltr'>AEbutiue</span> <span class='ocrx_word' id='word_1_230' title='bbox 763 2446 815 2485; x_wconf 87' lang='lat' dir='ltr'>erat</span> <span class='ocrx_word' id='word_1_231' title='bbox 828 2436 951 2485; x_wconf 78' lang='lat' dir='ltr'>Romanus</span> 
     </span>
     <span class='ocr_line' id='line_1_30' title="bbox 206 2504 951 2581; baseline 0.012 -26"><span class='ocrx_word' id='word_1_232' title='bbox 206 2504 301 2558; x_wconf 86' lang='lat' dir='ltr'>consul.</span> <span class='ocrx_word' id='word_1_233' title='bbox 335 2508 430 2572; x_wconf 82' lang='lat' dir='ltr'>collega</span> <span class='ocrx_word' id='word_1_234' title='bbox 442 2510 495 2575; x_wconf 84' lang='lat' dir='ltr'>ejus</span> <span class='ocrx_word' id='word_1_235' title='bbox 506 2511 623 2561; x_wconf 77' lang='lat' dir='ltr'>Servilius</span> <span class='ocrx_word' id='word_1_236' title='bbox 634 2514 725 2578; x_wconf 82' lang='lat' dir='ltr'>exigua</span> <span class='ocrx_word' id='word_1_237' title='bbox 741 2513 767 2562; x_wconf 92' lang='lat' dir='ltr'>in</span> <span class='ocrx_word' id='word_1_238' title='bbox 784 2511 826 2581; x_wconf 87' lang='lat' dir='ltr'>spe</span> <span class='ocrx_word' id='word_1_239' title='bbox 842 2512 951 2564; x_wconf 74' lang='lat' dir='ltr'>truhebat</span> 
     </span>
     <span class='ocr_line' id='line_1_31' title="bbox 205 2586 950 2659; baseline 0.005 -23"><span class='ocrx_word' id='word_1_240' title='bbox 205 2586 322 2637; x_wconf 79' lang='lat' dir='ltr'>animam.</span> <span class='ocrx_word' id='word_1_241' title='bbox 330 2586 411 2638; x_wconf 66' lang='lat' dir='ltr'>aselli</span> <span class='ocrx_word' id='word_1_242' title='bbox 418 2589 528 2657; x_wconf 84' lang='lat' dir='ltr'>plerique</span> <span class='ocrx_word' id='word_1_243' title='bbox 541 2589 689 2657; x_wconf 83' lang='lat' dir='ltr'>principum,</span> <span class='ocrx_word' id='word_1_244' title='bbox 696 2594 796 2641; x_wconf 74' lang='lat' dir='ltr'>Petrum</span> <span class='ocrx_word' id='word_1_245' title='bbox 804 2592 950 2659; x_wconf 77' lang='lat' dir='ltr'>maiorpart,</span> 
     </span>
     <span class='ocr_line' id='line_1_32' title="bbox 204 2665 949 2737; baseline 0.008 -23"><span class='ocrx_word' id='word_1_246' title='bbox 204 2665 318 2715; x_wconf 83' lang='lat' dir='ltr'>militaris</span> <span class='ocrx_word' id='word_1_247' title='bbox 326 2665 376 2717; x_wconf 74' lang='lat' dir='ltr'>sere</span> <span class='ocrx_word' id='word_1_248' title='bbox 383 2677 441 2718; x_wconf 74' lang='lat' dir='ltr'>atas</span> <span class='ocrx_word' id='word_1_249' title='bbox 448 2668 542 2719; x_wconf 77' lang='lat' dir='ltr'>omnir:</span> <span class='ocrx_word' id='word_1_250' title='bbox 552 2679 640 2718; x_wconf 82' lang='lat' dir='ltr'>utnon</span> <span class='ocrx_word' id='word_1_251' title='bbox 649 2669 725 2719; x_wconf 83' lang='lat' dir='ltr'>modo</span> <span class='ocrx_word' id='word_1_252' title='bbox 736 2669 767 2719; x_wconf 88' lang='lat' dir='ltr'>ad</span> <span class='ocrx_word' id='word_1_253' title='bbox 775 2669 949 2737; x_wconf 74' lang='lat' dir='ltr'>expeditiones,</span> 
     </span>
     <span class='ocr_line' id='line_1_33' title="bbox 204 2744 949 2813; baseline 0.009 -21"><span class='ocrx_word' id='word_1_254' title='bbox 204 2756 266 2807; x_wconf 76' lang='lat' dir='ltr'>quan</span> <span class='ocrx_word' id='word_1_255' title='bbox 277 2744 304 2812; x_wconf 82' lang='lat' dir='ltr'>in</span> <span class='ocrx_word' id='word_1_256' title='bbox 317 2755 387 2795; x_wconf 85' lang='lat' dir='ltr'>tanto</span> <span class='ocrx_word' id='word_1_257' title='bbox 398 2746 505 2795; x_wconf 87' lang='lat' dir='ltr'>tumultu</span> <span class='ocrx_word' id='word_1_258' title='bbox 518 2760 555 2795; x_wconf 79' lang='lat' dir='ltr'>res</span> <span class='ocrx_word' id='word_1_259' title='bbox 566 2744 691 2813; x_wconf 84' lang='lat' dir='ltr'>poscebat,</span> <span class='ocrx_word' id='word_1_260' title='bbox 707 2746 748 2797; x_wconf 87' lang='lat' dir='ltr'>sed</span> <span class='ocrx_word' id='word_1_261' title='bbox 760 2749 806 2797; x_wconf 82' lang='lat' dir='ltr'>vix</span> <span class='ocrx_word' id='word_1_262' title='bbox 817 2748 847 2797; x_wconf 88' lang='lat' dir='ltr'>ad</span> <span class='ocrx_word' id='word_1_263' title='bbox 858 2748 949 2813; x_wconf 77' lang='lat' dir='ltr'>quietae</span> 
     </span>
     <span class='ocr_line' id='line_1_34' title="bbox 205 2818 948 2890; baseline 0.008 -21"><span class='ocrx_word' id='word_1_264' title='bbox 205 2818 320 2869; x_wconf 80' lang='lat' dir='ltr'>ilationea</span> <span class='ocrx_word' id='word_1_265' title='bbox 330 2822 426 2871; x_wconf 75' lang='lat' dir='ltr'>viribus</span> <span class='ocrx_word' id='word_1_266' title='bbox 435 2823 581 2874; x_wconf 83' lang='lat' dir='ltr'>sufficerent.</span> <span class='ocrx_word' id='word_1_267' title='bbox 607 2827 699 2877; x_wconf 72' lang='lat' dir='ltr'>Munus</span> <span class='ocrx_word' id='word_1_268' title='bbox 707 2826 848 2890; x_wconf 78' lang='lat' dir='ltr'>vigiliarum</span> <span class='ocrx_word' id='word_1_269' title='bbox 857 2825 948 2875; x_wconf 79' lang='lat' dir='ltr'>senato·</span> 
     </span>
     <span class='ocr_line' id='line_1_35' title="bbox 204 2894 946 2972; baseline 0.008 -25"><span class='ocrx_word' id='word_1_270' title='bbox 204 2910 251 2959; x_wconf 75' lang='lat' dir='ltr'>res,</span> <span class='ocrx_word' id='word_1_271' title='bbox 267 2896 310 2963; x_wconf 88' lang='lat' dir='ltr'>qui</span> <span class='ocrx_word' id='word_1_272' title='bbox 322 2909 506 2966; x_wconf 69' lang='lat' dir='ltr'>per-utamur</span> <span class='ocrx_word' id='word_1_273' title='bbox 515 2901 683 2955; x_wconf 77' lang='lat' dir='ltr'>valemdinem</span> <span class='ocrx_word' id='word_1_274' title='bbox 692 2914 814 2972; x_wconf 83' lang='lat' dir='ltr'>poterant,</span> <span class='ocrx_word' id='word_1_275' title='bbox 823 2918 865 2970; x_wconf 88' lang='lat' dir='ltr'>per</span> <span class='ocrx_word' id='word_1_276' title='bbox 875 2894 946 2970; x_wconf 85' lang='lat' dir='ltr'>seip&#39;si</span> 
     </span>
     <span class='ocr_line' id='line_1_36' title="bbox 171 2972 947 3047; baseline 0.014 -27"><span class='ocrx_word' id='word_1_277' title='bbox 171 3028 176 3033; x_wconf 68' lang='lat'><em>,</em></span> <span class='ocrx_word' id='word_1_278' title='bbox 204 2972 324 3021; x_wconf 76' lang='lat' dir='ltr'>obibnntr</span> <span class='ocrx_word' id='word_1_279' title='bbox 341 2974 456 3025; x_wconf 85' lang='lat' dir='ltr'>circuitio</span> <span class='ocrx_word' id='word_1_280' title='bbox 465 2991 494 3026; x_wconf 88' lang='lat' dir='ltr'>ac</span> <span class='ocrx_word' id='word_1_281' title='bbox 511 2992 571 3026; x_wconf 84' lang='lat' dir='ltr'>cura</span> <span class='ocrx_word' id='word_1_282' title='bbox 581 2979 688 3043; x_wconf 58' lang='lat' dir='ltr'>edilium</span> <span class='ocrx_word' id='word_1_283' title='bbox 699 2981 780 3047; x_wconf 86' lang='lat' dir='ltr'>plebei</span> <span class='ocrx_word' id='word_1_284' title='bbox 791 2990 851 3029; x_wconf 87' lang='lat' dir='ltr'>crat.</span> <span class='ocrx_word' id='word_1_285' title='bbox 867 2979 895 3029; x_wconf 82' lang='lat' dir='ltr'>ad</span> <span class='ocrx_word' id='word_1_286' title='bbox 905 2993 947 3031; x_wconf 72' lang='lat' dir='ltr'>eos</span> 
     </span>
     <span class='ocr_line' id='line_1_37' title="bbox 204 3047 912 3127; baseline 0.003 -25"><span class='ocrx_word' id='word_1_287' title='bbox 204 3047 428 3105; x_wconf 67' lang='lat' dir='ltr'>semmurumae</span> <span class='ocrx_word' id='word_1_288' title='bbox 438 3052 548 3119; x_wconf 78' lang='lat' dir='ltr'>majestas</span> <span class='ocrx_word' id='word_1_289' title='bbox 557 3056 689 3113; x_wconf 78' lang='lat' dir='ltr'>consularis</span> <span class='ocrx_word' id='word_1_290' title='bbox 702 3057 799 3127; x_wconf 74' lang='lat' dir='ltr'>imperii</span> <span class='ocrx_word' id='word_1_291' title='bbox 808 3064 912 3108; x_wconf 79' lang='lat' dir='ltr'>venerae</span> 
     </span>
     <span class='ocr_line' id='line_1_38' title="bbox 221 3130 943 3185; baseline 0.004 -13"><span class='ocrx_word' id='word_1_292' title='bbox 221 3156 225 3162; x_wconf 90' lang='lat'><strong>·</strong></span> <span class='ocrx_word' id='word_1_293' title='bbox 269 3162 280 3171; x_wconf 87' lang='lat'>..</span> <span class='ocrx_word' id='word_1_294' title='bbox 290 3163 300 3175; x_wconf 77' lang='grc'>,.</span> <span class='ocrx_word' id='word_1_295' title='bbox 335 3130 339 3134; x_wconf 65' lang='grc'><em>’</em></span> <span class='ocrx_word' id='word_1_296' title='bbox 356 3147 364 3173; x_wconf 75' lang='lat' dir='ltr'>t</span> <span class='ocrx_word' id='word_1_297' title='bbox 821 3135 880 3185; x_wconf 75' lang='lat' dir='ltr'>VH,</span> <span class='ocrx_word' id='word_1_298' title='bbox 894 3132 943 3185; x_wconf 70' lang='lat' dir='ltr'>Dt-</span> 
     </span>
    </p>
   </div>
   <div class='ocr_carea' id='block_1_4' title="bbox 0 0 1064 3642">
    <p class='ocr_par' dir='ltr' id='par_1_4' title="bbox 0 0 1064 3642">
     <span class='ocr_line' id='line_1_39' title="bbox 0 0 1064 3642; baseline 0 4"><span class='ocrx_word' id='word_1_299' title='bbox 0 0 1064 3642; x_wconf 95' lang='lat' dir='ltr'> </span> 
     </span>
    </p>
   </div>
  </div>
 </body>
</html>
