2117 3642
171 224 220 283 308
332 201 338 215 ‘
427 220 684 273 rzervrr

169 307 290 359 matronis
301 304 420 367 habitum,
439 316 466 355 ut
478 305 574 372 pilento
588 306 619 355 ad
637 287 854 371 sacra‘ludosque,
865 322 924 357 car·

170 376 250 451 pentir
261 384 321 435 lello
330 383 634 451 profestoquenterentur.
669 383 780 432 Pondere
794 383 827 431 ab
838 382 922 446 srngu-

170 460 200 509 lis
217 460 269 509 auri
283 469 386 525 accepto
401 458 576 524 aestimatoque,
594 470 620 507 ut
639 459 749 524 pecunia:
756 458 922 521 solverentur,

70 576 78 583 .
171 547 291 585 crateram
307 550 407 583 auream
428 534 480 583 fieri
501 535 602 601 placuit,
619 550 674 599 quae
691 534 786 585 donum
808 535 923 601 Apollini

170 611 283 678 Delphos
295 621 443 676 portaretur.
479 612 554 659 Simul
565 612 596 659 ab
608 611 728 676 religione
739 611 836 660 animos
846 612 921 659 remi·

171 686 262 751 serunt,
280 689 403 751 integrant
423 686 568 737 seditionem
586 687 678 736 tribuni
693 688 787 752 plebis:
804 689 924 737 incitatur

171 764 308 825 multitudo
321 766 346 813 in
358 781 442 815 omnes
455 766 585 831 principes,
601 776 659 813 ante
669 765 731 813 alios
742 765 768 813 in
782 765 923 814 Camillum.

172 843 237 892 Eum
249 841 356 908 praedam
372 844 535 905 Vejentanam
547 841 695 907 publicando
713 841 879 907 sacrandoque
889 840 927 891 ad

171 918 279 969 nihilum
299 917 425 981 redegisse.
443 918 554 969 absentes
572 917 688 966 serociter
700 919 842 985 increpant:
860 932 922 983 prae·

93 1026 97 1035 ι
172 995 288 1059 sentium,
306 1012 382 1061 quum
395 996 419 1047 se
434 998 499 1047 ultro
519 998 587 1045 iratis
603 995 729 1059 offerrent,
746 997 923 1047 verecundiam
997 985 1003 993 ’

174 1075 276 1125 habent.
297 1074 372 1123 Simul
385 1075 482 1133 extrahi
495 1088 624 1125 remexeo
633 1089 700 1123 anno
711 1074 922 1137 viderunr,tribu-

172 1166 218 1213 nos
231 1151 307 1219 plebis
319 1152 408 1201 latores
422 1153 481 1214 legis
493 1152 519 1200 in
534 1166 627 1199 annum
644 1149 743 1199 eosdem
754 1149 876 1201 reficiunt.
894 1150 922 1200 ἃ

142 1222 144 1227 ’
174 1232 257 1284 Patres
269 1228 317 1276 hoc
328 1228 395 1277 idem
406 1226 436 1275 de
448 1225 644 1277 intercessoribus
657 1226 718 1289 legis
729 1226 814 1277 annisi.
830 1228 866 1277 ita
877 1238 922 1277 trs·

173 1302 234 1353 burri
246 1302 323 1369 plebis
335 1317 424 1366 magna
433 1318 466 1353 ex
478 1313 547 1368 parte
565 1301 640 1351 iidem
648 1301 740 1351 refelli.

184 1424 189 1449 :
208 1382 307 1428 XXVI.
327 1381 440 1429 comitiis
459 1381 617 1431 tribunorum
634 1381 741 1429 militurn
760 1382 841 1431 Patres
856 1380 923 1431 sum·

174 1456 216 1517 nri
233 1472 281 1523 ope
296 1458 433 1520 evicerunt,
450 1468 479 1506 ut
495 1460 535 1507 M.
553 1457 640 1506 Furius
658 1457 773 1512 Camillus
791 1469 924 1508 erearcnrr.

179 1543 281 1601 propter
297 1533 360 1582 bella
377 1533 522 1583 fimulabanr
534 1535 614 1599 parari
631 1533 726 1599 ducem,
739 1535 779 1584 sed
796 1535 924 1600 largitioni

173 1608 313 1661 tribunicia:
321 1608 474 1659 adversarius
484 1610 646 1675 querebatur.
681 1615 744 1661 Cum
758 1613 924 1663 Camillocre·

173 1686 209 1741 ati
217 1685 310 1734 tribuni
323 1686 430 1737 militurn
444 1687 566 1736 consulari
579 1687 705 1754 potestate,
723 1691 755 1737 L.
767 1691 855 1738 Furius
866 1693 923 1739 Me·

174 1758 281 1813 dullinus
299 1762 405 1827 sextum,
424 1766 453 1813 C.
473 1763 594 1826 AEmilius,
612 1766 644 1812 L.
662 1763 776 1813 Valerius
787 1765 926 1828 Publicola,

175 1843 217 1907 sp.
235 1838 381 1905 Postumius,
400 1842 427 1891 P.
450 1840 578 1890 Cornelius
595 1842 694 1890 itemm.
729 1841 853 1908 Principio
864 1842 926 1893 anni

135 1955 139 1961 .
175 1916 359 1983 tribuniplebis
378 1917 439 1973 nihil
459 1927 602 1981 moverunt,
619 1916 698 1967 donec
715 1918 753 1965 M.
770 1917 857 1967 Furius
875 1921 924 1967 Ca·

175 1992 256 2043 millus
268 1993 294 2041 in
305 1993 420 2057 Faliscos,
438 1994 478 2043 cui
496 1994 622 2045 idbellum
631 1992 774 2043 mandatum
789 2005 848 2056 erat,
865 2009 924 2061 pro-

176 2068 334 2120 ficisceretur.
353 2070 490 2123 differendo
500 2060 588 2121 deinde
602 2070 712 2135 elanguit
726 2085 779 2119 res:
798 2070 926 2121 &Camil-

176 2142 211 2209 lo,
229 2161 301 2211 quem
319 2146 487 2197 adversarium
504 2149 613 2203 maxime
632 2146 783 2209 metuebant,
800 2147 879 2211 gloria
898 2148 926 2199 in

178 2211 278 2272 Faliscis
295 2223 383 2272 erevit.
419 2226 493 2287 Nam,
510 2240 587 2289 quum
603 2224 684 2290 primo
699 2222 821 2271 moenibus
838 2222 862 2271 se
879 2223 925 2273 ho·

176 2292 222 2345 stes
233 2306 351 2359 tenerent,
363 2297 513 2356 ,tutissimum
524 2298 550 2347 id
565 2301 620 2361 rati,
637 2298 799 2365 populatione
808 2314 927 2363 agrorum

178 2381 253 2436 atque
265 2372 383 2422 incendiis
401 2373 516 2423 villarum
527 2374 615 2437 -cosgit
632 2390 675 2424 eos
692 2375 774 2438 egredi
790 2374 866 2435 urbe‘;
883 2372 925 2425 sed

178 2446 256 2515 timor
269 2448 367 2515 longius
376 2450 491 2515 progredi
504 2451 641 2517 prohibuit.
671 2451 741 2500 Mille
753 2451 803 2501 sere
813 2452 927 2518 passuum

178 2524 212 2592 ab
223 2525 318 2595 oppido
330 2528 403 2577 salira
414 2528 514 2591 locant,
531 2528 598 2578 nulla
609 2544 635 2577 re
649 2528 696 2577 alia
713 2528 813 2579 fidentes
824 2544 852 2577 ea
870 2528 927 2579 satis

105 2666 107 2671 Ι
179 2613 235 2665 tuta
250 2603 304 2669 esse,
322 2610 396 2673 quam
410 2604 551 2655 difficultate
562 2604 650 2669 aditus,
668 2603 757 2671 asperis
767 2604 927 2675 confragosis-

179 2697 228 2749 que
240 2682 312 2747 circa,
330 2682 355 2734 δε
368 2683 457 2752 partim
472 2684 550 2746 ardis,
568 2684 658 2749 partim
670 2681 751 2732 arduis
761 2683 818 2733 viis.
855 2687 928 2732 Cete-

180 2764 237 2837 pum
249 2761 373 2823 Camillus,
392 2764 520 2829 captivum
534 2762 641 2812 indicem
653 2760 758 2824 creagris
775 2759 870 2811 secutus
882 2760 927 2810 du-

180 2851 245 2899 cem,
263 2836 343 2887 castris
358 2840 434 2887 mults
452 2839 523 2889 noue
540 2840 622 2901 motis,
640 2839 720 2904 prisnei
734 2839 788 2887 luce
799 2839 928 2905 aliquanto

181 2906 347 2987 superioribus
360 2914 420 2965 locis
432 2914 455 2963 se
466 2916 580 2966 ostendit.
607 2915 744 2965 Trisariam
755 2916 862 2966 Romani
873 2932 928 2965 mu·

181 2988 291 3073 piebem.
302 2992 362 3045 allus
374 2993 496 3049 exercitus
507 2994 594 3069 proelio
605 2994 713 3047 intcnnu
724 2993 811 3046 stabat.
829 2995 868 3045 Ibi
880 2994 928 3043 im·
