2117 3642
97 349 140 398 eae,
162 333 203 384 sed
220 347 251 384 nc
263 334 354 384 Italicae
366 337 466 402 quidem
481 338 576 404 supin
592 348 646 388 tum
657 335 790 406 impensius
809 340 847 391 hir

97 413 229 476 indignitas
238 412 351 477 erescere,
363 413 420 464 srne
429 415 461 466 ab
474 415 614 481 Tarquinio
620 414 719 479 quidem
730 415 763 465 nd
774 418 798 466 se
808 432 847 466 re·

96 487 160 546 diret
171 506 282 555 regnum,
299 490 340 540 scd
354 507 460 558 praeceps
470 491 526 542 inde
537 495 612 558 porro
622 491 653 540 ad
664 491 764 541 servicia
774 491 847 542 cade·

96 576 151 614 ret:
169 576 197 616 ut
208 567 233 628 in
245 566 330 616 eadem
342 568 443 617 civitate
454 567 507 634 poll
519 565 734 618 cenrefimumsere
743 583 846 633 anuum,

97 647 171 710 qussarn
180 643 307 708 Romulus,
317 646 372 694 Deo
384 656 527 710 prognatus,
545 646 611 692 Deus
622 641 681 708 ipse,
693 646 797 694 tenuerit
807 659 846 694 re·
877 689 886 712 ,

96 733 184 784 gnum,
201 719 279 770 doucc
290 722 316 770 in
327 723 396 772 terris
407 721 489 786 suerit,
502 720 526 770 id
538 720 621 770 servus
630 721 699 768 servi
710 731 778 770 natus
789 720 857 788 pos-.

97 792 181 842 sedeat.
208 805 260 844 tum
271 812 403 846 commune
415 796 521 866 Romani
533 794 648 854 nominis,
665 803 719 842 turn
727 796 848 861 prae'cipuc

99 859 124 943 iti
136 867 222 919 domus
239 869 286 921 suae
296 873 399 924 dedecus
415 873 477 936 lore,
496 871 521 936 fi,
541 873 606 921 Anci
617 872 680 935 regis
695 871 762 920 virili
776 871 848 937 stirpe

99 945 175 1018 fulvi,
187 962 237 996 nou
248 949 323 1000 modo
332 949 440 1014 advenis,
449 950 490 1000 scd
501 948 577 998 servis
588 949 671 1010 etiam,
680 961 783 1012 regnum
796 949 848 996 Ro·

99 1035 147 1070 mae
158 1034 261 1090 pateret.
279 1028 355 1076 Ferro
371 1028 447 1092 igitur
458 1043 511 1076 carn
522 1040 604 1074 arcere
616 1025 794 1074 coutumeliam
803 1024 848 1073 sia·

99 1107 183 1148 ruunt.
211 1101 254 1149 Sed
266 1102 291 1150 ἃ
303 1103 396 1166 injuriae
407 1102 477 1151 dolor
489 1103 514 1150 in
526 1100 693 1164 Tarquinium
704 1098 784 1162 ipsum
794 1115 848 1150 ma·

100 1175 147 1237 gis,
159 1179 233 1242 quim
245 1177 270 1226 iu
283 1180 403 1242 Servium,
416 1194 457 1228 eos
468 1175 621 1226 stimulabat:
636 1177 662 1226 ἅ
674 1177 734 1240 quia
748 1177 851 1240 gravior

100 1253 169 1302 ultor
182 1253 259 1320 credis,
274 1256 292 1306 fi
303 1254 439 1324 superesset,
457 1257 511 1306 Rex
526 1254 623 1304 siiturus
639 1264 699 1314 erat,
711 1258 785 1319 quiun
796 1254 848 1320 pri·

101 1341 188 1382 vanu:
208 1342 270 1396 tum,
290 1335 376 1384 Servio
387 1332 477 1394 occiso,
497 1343 670 1400 quemcunque
686 1329 763 1380 alium
772 1345 846 1394 genc-

99 1420 155 1472 rum
174 1407 304 1474 delegisset,
323 1409 428 1467 eundem
443 1410 512 1473 regni
523 1405 643 1458 haeredcnr
661 1405 767 1456 sasiut'us
778 1407 848 1458 vide-

98 1482 179 1552 batur.
215 1489 255 1540 Ob
266 1489 429 1557 haecipsrregi
439 1487 530 1538 infidiae
539 1496 664 1554 parantur.
698 1487 737 1534 Ex
746 1485 846 1552 pastori-

98 1561 145 1612 bus
161 1563 211 1616 duo
227 1559 366 1618 ssrociffmri
377 1564 460 1618 delesii
471 1564 502 1614 ad
514 1563 617 1625 lacinus,
635 1561 724 1627 quibus
737 1562 847 1615 consueti

97 1653 168 1708 epant
176 1654 277 1710 uterque
285 1645 416 1709 agrestibus
424 1635 584 1703 ferramentis,
598 1641 625 1690 in
634 1638 755 1690 vesiibulo
764 1640 847 1710 regiae,

97 1725 171 1784 quim
181 1732 284 1788 potuere
301 1721 518 1787 tumuituofiffimt't,
533 1717 612 1786 specie
622 1717 683 1766 rixae
692 1715 718 1764 in
726 1713 750 1764 se
759 1724 845 1767 omncs

97 1799 247 1866 apparitores
263 1803 344 1865 regios
356 1793 521 1852 convcr'tunr:
540 1795 607 1858 inde,
620 1809 698 1858 qutun
708 1791 784 1842 ambo
795 1795 845 1842 Re·

99 1888 157 1936 geru
171 1876 328 1942 appellarent,
345 1877 485 1940 clamorque
500 1886 587 1922 eorum
605 1868 700 1936 penitus
713 1868 738 1917 in
753 1867 846 1930 regiam

99 1950 252 2016 pervenisset,
272 1953 357 2004 vocati
368 1953 399 2000 ad
410 1966 493 2014 regem
503 1956 619 2016 pergunt.
654 1945 737 1994 Primo
747 1954 847 2008 uterque

100 2027 242 2091 vociferari,
258 2031 283 2078 u
304 2031 415 2078 certatim
429 2024 573 2074 alteralteri
587 2021 731 2084 obstrepere,
748 2019 849 2069 coirciti

98 2104 132 2152 ab
140 2103 233 2166 liciore,
245 2104 269 2151 Sc
279 2105 334 2165 jusli
345 2106 370 2152 in
382 2104 462 2158 vicem
473 2101 562 2160 dicere,
572 2095 670 2144 tandem
676 2094 779 2156 obloqui
788 2092 848 2142 desi-

99 2177 175 2227 stunt.
202 2181 270 2226 Unus
281 2190 374 2226 remex
386 2172 522 2239 composito
534 2169 638 2220 orditur.
665 2171 728 2217 Cum
741 2169 849 2219 intentur

99 2253 128 2304 in
143 2267 200 2304 cum
210 2251 235 2301 se
243 2254 298 2302 Rex
305 2261 373 2302 totus
387 2257 519 2311 averterer,
537 2246 600 2317 alter
611 2245 701 2293 elatam
711 2241 812 2292 securim
820 2245 847 2296 in

99 2340 174 2398 caput
184 2327 288 2392 dejecit:
306 2327 438 2394 reliiloquc
448 2325 475 2375 in
489 2324 591 2375 vulnere
605 2322 663 2387 telo,
679 2319 755 2372 ambo
770 2319 796 2372 se
805 2319 845 2374 so·

98 2420 138 2458 ras
147 2405 259 2470 ejiciunt.

132 2486 203 2534 XLI.
222 2483 387 2549 Tarquinium
401 2475 578 2530 moribundum
588 2492 672 2542 quum,
687 2475 730 2542 qui
745 2476 810 2527 circi
819 2490 846 2527 e·

97 2575 162 2627 rant,
184 2560 340 2628 excepissent,
361 2557 417 2607 illos
432 2557 555 2620 fugientes
570 2554 664 2604 liiloror
683 2552 843 2617 comprehen-

96 2639 168 2690 dunt.
199 2637 292 2688 clamor
306 2633 363 2684 inde
386 2630 565 2696 concursusque
584 2629 678 2697 populi,
701 2629 844 2679 mirantium

96 2714 156 2783 quid
165 2715 199 2764 rei
208 2711 278 2762 essee
309 2710 433 2776 Tanaquil
447 2710 510 2758 inter
522 2706 655 2757 tumultum
664 2701 846 2768 erudirentur

95 2791 287 2860 jubet,arbitror
301 2788 385 2851 ejicit:
402 2786 478 2850 simul,
490 2801 545 2850 quae
556 2780 665 2832 curando
674 2779 771 2830 vulneri
782 2795 845 2847 opus

97 2871 161 2934 sunt,
178 2879 294 2934 tanquam
304 2865 358 2932 spes
366 2858 575 2926 subesset,'sedulo
581 2865 723 2924 comparat:
741 2856 844 2921 ssmul,sr

95 2947 210 2998 destituat
229 2944 288 3012 sper,
306 2943 354 2992 alia
368 2938 477 3007 praefidia
492 2938 605 2988 molitru.
638 2934 725 2986 Servio
742 2937 845 3002 propere

9 3043 12 3048 ¹
96 3025 186 3089 accito,
202 3023 278 3090 qrium
293 3023 354 3088 pene
363 3015 513 3081 exsanguem
522 3008 766 3074 virumosieudiffe13
781 3008 843 3062 ‹lex-
862 3071 866 3078 ,

779 3096 843 3137 tram
