<?xml version="1.0" encoding="UTF-8"?>
<!DOCTYPE html PUBLIC "-//W3C//DTD XHTML 1.0 Transitional//EN"
    "http://www.w3.org/TR/xhtml1/DTD/xhtml1-transitional.dtd">
<html xmlns="http://www.w3.org/1999/xhtml" xml:lang="en" lang="en">
 <head>
  <title>
</title>
<meta http-equiv="Content-Type" content="text/html;charset=utf-8" />
  <meta name='ocr-system' content='tesseract 3.04.00' />
  <meta name='ocr-capabilities' content='ocr_page ocr_carea ocr_par ocr_line ocrx_word'/>
</head>
<body>
  <div class='ocr_page' id='page_1' title='image "./historiarumabur01livygoog_0088.png"; bbox 0 0 2117 3642; ppageno 0'>
   <div class='ocr_carea' id='block_1_1' title="bbox 215 236 708 299">
    <p class='ocr_par' dir='ltr' id='par_1_1' title="bbox 215 236 708 299">
     <span class='ocr_line' id='line_1_1' title="bbox 215 236 708 299; baseline -0.01 1"><span class='ocrx_word' id='word_1_1' title='bbox 215 236 255 299; x_wconf 77' lang='lat'>76</span> <span class='ocrx_word' id='word_1_2' title='bbox 374 237 382 241; x_wconf 81' lang='grc'><em>”</em></span> <span class='ocrx_word' id='word_1_3' title='bbox 474 239 515 294; x_wconf 78' lang='grc' dir='ltr'>Τ.</span> <span class='ocrx_word' id='word_1_4' title='bbox 550 238 708 295; x_wconf 72' lang='grc' dir='ltr'>ΗΉῙ</span> 
     </span>
    </p>
   </div>
   <div class='ocr_carea' id='block_1_2' title="bbox 95 327 984 2965">
    <p class='ocr_par' dir='ltr' id='par_1_2' title="bbox 210 327 984 863">
     <span class='ocr_line' id='line_1_2' title="bbox 211 327 984 399; baseline 0.021 -25"><span class='ocrx_word' id='word_1_5' title='bbox 211 336 271 375; x_wconf 84' lang='lat' dir='ltr'>rum</span> <span class='ocrx_word' id='word_1_6' title='bbox 285 336 339 379; x_wconf 83' lang='lat' dir='ltr'>erat</span> <span class='ocrx_word' id='word_1_7' title='bbox 353 334 408 379; x_wconf 88' lang='lat' dir='ltr'>turn</span> <span class='ocrx_word' id='word_1_8' title='bbox 420 327 479 397; x_wconf 75' lang='lat' dir='ltr'>ipsis</span> <span class='ocrx_word' id='word_1_9' title='bbox 490 330 612 399; x_wconf 76' lang='lat' dir='ltr'>capessere</span> <span class='ocrx_word' id='word_1_10' title='bbox 624 347 733 399; x_wconf 85' lang='lat' dir='ltr'>pugnam</span> <span class='ocrx_word' id='word_1_11' title='bbox 750 330 870 387; x_wconf 80' lang='lat' dir='ltr'>ducibuer</span> <span class='ocrx_word' id='word_1_12' title='bbox 897 336 984 393; x_wconf 67' lang='lat' dir='ltr'>avide</span> 
     </span>
     <span class='ocr_line' id='line_1_3' title="bbox 213 400 982 477; baseline 0.023 -28"><span class='ocrx_word' id='word_1_13' title='bbox 213 400 301 470; x_wconf 85' lang='lat' dir='ltr'>itaque</span> <span class='ocrx_word' id='word_1_14' title='bbox 310 404 336 460; x_wconf 89' lang='lat' dir='ltr'>se</span> <span class='ocrx_word' id='word_1_15' title='bbox 347 406 474 458; x_wconf 82' lang='lat' dir='ltr'>certamini</span> <span class='ocrx_word' id='word_1_16' title='bbox 483 408 565 461; x_wconf 83' lang='lat' dir='ltr'>offert.</span> <span class='ocrx_word' id='word_1_17' title='bbox 589 408 700 477; x_wconf 79' lang='lat' dir='ltr'>adetique</span> <span class='ocrx_word' id='word_1_18' title='bbox 714 408 805 461; x_wconf 80' lang='lat' dir='ltr'>insessis</span> <span class='ocrx_word' id='word_1_19' title='bbox 813 414 904 465; x_wconf 78' lang='lat' dir='ltr'>animis</span> <span class='ocrx_word' id='word_1_20' title='bbox 913 433 982 469; x_wconf 89' lang='lat' dir='ltr'>con·</span> 
     </span>
     <span class='ocr_line' id='line_1_4' title="bbox 212 484 982 559; baseline 0.006 -29"><span class='ocrx_word' id='word_1_21' title='bbox 212 494 353 548; x_wconf 83' lang='lat' dir='ltr'>currerunt,</span> <span class='ocrx_word' id='word_1_22' title='bbox 369 495 464 549; x_wconf 83' lang='lat' dir='ltr'>neuter,</span> <span class='ocrx_word' id='word_1_23' title='bbox 482 484 542 538; x_wconf 88' lang='lat' dir='ltr'>dum</span> <span class='ocrx_word' id='word_1_24' title='bbox 554 486 648 537; x_wconf 85' lang='lat' dir='ltr'>hostem</span> <span class='ocrx_word' id='word_1_25' title='bbox 663 488 812 555; x_wconf 75' lang='lat' dir='ltr'>vulneraret,</span> <span class='ocrx_word' id='word_1_26' title='bbox 830 489 866 541; x_wconf 90' lang='lat' dir='ltr'>sui</span> <span class='ocrx_word' id='word_1_27' title='bbox 886 504 982 559; x_wconf 87' lang='lat' dir='ltr'>prote.</span> 
     </span>
     <span class='ocr_line' id='line_1_5' title="bbox 211 556 980 635; baseline 0.02 -31"><span class='ocrx_word' id='word_1_28' title='bbox 211 556 290 621; x_wconf 84' lang='lat' dir='ltr'>gendi</span> <span class='ocrx_word' id='word_1_29' title='bbox 309 563 420 629; x_wconf 85' lang='lat' dir='ltr'>corporis</span> <span class='ocrx_word' id='word_1_30' title='bbox 430 578 536 627; x_wconf 85' lang='lat' dir='ltr'>mernor,</span> <span class='ocrx_word' id='word_1_31' title='bbox 553 573 589 629; x_wconf 87' lang='lat' dir='ltr'>ut,</span> <span class='ocrx_word' id='word_1_32' title='bbox 607 564 732 615; x_wconf 86' lang='lat' dir='ltr'>contrario</span> <span class='ocrx_word' id='word_1_33' title='bbox 743 564 793 614; x_wconf 72' lang='lat' dir='ltr'>istu</span> <span class='ocrx_word' id='word_1_34' title='bbox 803 580 847 633; x_wconf 88' lang='lat' dir='ltr'>per</span> <span class='ocrx_word' id='word_1_35' title='bbox 857 584 980 635; x_wconf 82' lang='lat' dir='ltr'>parmam</span> 
     </span>
     <span class='ocr_line' id='line_1_6' title="bbox 210 636 979 704; baseline 0.02 -22"><span class='ocrx_word' id='word_1_36' title='bbox 210 644 318 703; x_wconf 88' lang='lat' dir='ltr'>uterque</span> <span class='ocrx_word' id='word_1_37' title='bbox 336 640 476 704; x_wconf 81' lang='lat' dir='ltr'>transfixus,</span> <span class='ocrx_word' id='word_1_38' title='bbox 493 639 588 690; x_wconf 80' lang='lat' dir='ltr'>duabru</span> <span class='ocrx_word' id='word_1_39' title='bbox 605 638 722 690; x_wconf 77' lang='lat' dir='ltr'>haerentes</span> <span class='ocrx_word' id='word_1_40' title='bbox 738 636 810 693; x_wconf 79' lang='lat' dir='ltr'>hastis</span> <span class='ocrx_word' id='word_1_41' title='bbox 823 644 979 697; x_wconf 81' lang='lat' dir='ltr'>moribundi</span> 
     </span>
     <span class='ocr_line' id='line_1_7' title="bbox 211 715 979 788; baseline 0.017 -26"><span class='ocrx_word' id='word_1_42' title='bbox 211 726 249 763; x_wconf 82' lang='lat' dir='ltr'>ex</span> <span class='ocrx_word' id='word_1_43' title='bbox 262 715 332 781; x_wconf 89' lang='lat' dir='ltr'>equis</span> <span class='ocrx_word' id='word_1_44' title='bbox 343 716 401 785; x_wconf 74' lang='lat' dir='ltr'>lapse</span> <span class='ocrx_word' id='word_1_45' title='bbox 412 717 467 767; x_wconf 83' lang='lat' dir='ltr'>srnt.</span> <span class='ocrx_word' id='word_1_46' title='bbox 485 716 555 767; x_wconf 80' lang='lat' dir='ltr'>smul</span> <span class='ocrx_word' id='word_1_47' title='bbox 568 717 593 767; x_wconf 77' lang='lat' dir='ltr'>Bt</span> <span class='ocrx_word' id='word_1_48' title='bbox 604 729 687 768; x_wconf 87' lang='lat' dir='ltr'>cetera</span> <span class='ocrx_word' id='word_1_49' title='bbox 696 719 812 784; x_wconf 78' lang='lat' dir='ltr'>equestris</span> <span class='ocrx_word' id='word_1_50' title='bbox 822 736 910 788; x_wconf 85' lang='lat' dir='ltr'>pugna</span> <span class='ocrx_word' id='word_1_51' title='bbox 922 741 979 775; x_wconf 83' lang='lat' dir='ltr'>coe·</span> 
     </span>
     <span class='ocr_line' id='line_1_8' title="bbox 213 790 977 863; baseline 0.016 -23"><span class='ocrx_word' id='word_1_52' title='bbox 213 790 267 859; x_wconf 79' lang='lat' dir='ltr'>pit3</span> <span class='ocrx_word' id='word_1_53' title='bbox 283 806 366 860; x_wconf 79' lang='lat' dir='ltr'>neque</span> <span class='ocrx_word' id='word_1_54' title='bbox 374 796 408 845; x_wconf 84' lang='lat' dir='ltr'>ita</span> <span class='ocrx_word' id='word_1_55' title='bbox 419 793 562 863; x_wconf 83' lang='lat' dir='ltr'>multdpost</span> <span class='ocrx_word' id='word_1_56' title='bbox 573 795 701 862; x_wconf 87' lang='lat' dir='ltr'>&amp;pedites</span> <span class='ocrx_word' id='word_1_57' title='bbox 713 794 899 863; x_wconf 79' lang='lat' dir='ltr'>superveniunt.</span> <span class='ocrx_word' id='word_1_58' title='bbox 930 802 977 853; x_wconf 91' lang='lat' dir='ltr'>Ibi</span> 
     </span>
    </p>

    <p class='ocr_par' dir='ltr' id='par_1_3' title="bbox 95 872 973 1253">
     <span class='ocr_line' id='line_1_9' title="bbox 95 872 973 939; baseline 0.007 -17"><span class='ocrx_word' id='word_1_59' title='bbox 95 911 101 922; x_wconf 93' lang='lat'><em>.</em></span> <span class='ocrx_word' id='word_1_60' title='bbox 208 872 283 921; x_wconf 73' lang='lat' dir='ltr'>varii</span> <span class='ocrx_word' id='word_1_61' title='bbox 293 872 405 937; x_wconf 70' lang='lat' dir='ltr'>vittoni,</span> <span class='ocrx_word' id='word_1_62' title='bbox 415 875 440 923; x_wconf 71' lang='grc' dir='ltr'><strong><em>ἃ</em></strong></span> <span class='ocrx_word' id='word_1_63' title='bbox 449 873 519 923; x_wconf 87' lang='lat' dir='ltr'>velut</span> <span class='ocrx_word' id='word_1_64' title='bbox 530 888 601 937; x_wconf 84' lang='lat' dir='ltr'>aequo</span> <span class='ocrx_word' id='word_1_65' title='bbox 611 876 693 921; x_wconf 88' lang='lat' dir='ltr'>Marte</span> <span class='ocrx_word' id='word_1_66' title='bbox 702 884 839 939; x_wconf 79' lang='lat' dir='ltr'>pugnatum</span> <span class='ocrx_word' id='word_1_67' title='bbox 848 877 893 927; x_wconf 81' lang='lat' dir='ltr'>esi.</span> <span class='ocrx_word' id='word_1_68' title='bbox 905 876 973 929; x_wconf 85' lang='lat' dir='ltr'>dex-</span> 
     </span>
     <span class='ocr_line' id='line_1_10' title="bbox 209 949 973 1022; baseline 0.008 -23"><span class='ocrx_word' id='word_1_69' title='bbox 209 951 374 1017; x_wconf 85' lang='lat' dir='ltr'>ttautrinque</span> <span class='ocrx_word' id='word_1_70' title='bbox 385 967 479 1002; x_wconf 90' lang='lat' dir='ltr'>cornua</span> <span class='ocrx_word' id='word_1_71' title='bbox 495 950 588 1015; x_wconf 87' lang='lat' dir='ltr'>vicere,</span> <span class='ocrx_word' id='word_1_72' title='bbox 606 950 669 1000; x_wconf 85' lang='lat' dir='ltr'>laeva</span> <span class='ocrx_word' id='word_1_73' title='bbox 681 949 804 1016; x_wconf 74' lang='lat' dir='ltr'>superata,</span> <span class='ocrx_word' id='word_1_74' title='bbox 839 954 973 1022; x_wconf 77' lang='lat' dir='ltr'>Vejentee,</span> 
     </span>
     <span class='ocr_line' id='line_1_11' title="bbox 209 1027 971 1095; baseline 0.009 -17"><span class='ocrx_word' id='word_1_75' title='bbox 209 1028 282 1078; x_wconf 78' lang='lat' dir='ltr'>vinci</span> <span class='ocrx_word' id='word_1_76' title='bbox 296 1028 328 1079; x_wconf 90' lang='lat' dir='ltr'>ab</span> <span class='ocrx_word' id='word_1_77' title='bbox 336 1032 452 1079; x_wconf 89' lang='lat' dir='ltr'>Romano</span> <span class='ocrx_word' id='word_1_78' title='bbox 466 1027 546 1079; x_wconf 88' lang='lat' dir='ltr'>milite</span> <span class='ocrx_word' id='word_1_79' title='bbox 560 1028 653 1092; x_wconf 86' lang='lat' dir='ltr'>assueti,</span> <span class='ocrx_word' id='word_1_80' title='bbox 670 1027 716 1077; x_wconf 86' lang='lat' dir='ltr'>sufi</span> <span class='ocrx_word' id='word_1_81' title='bbox 725 1028 862 1095; x_wconf 82' lang='lat' dir='ltr'>fugatique.</span> <span class='ocrx_word' id='word_1_82' title='bbox 900 1037 971 1085; x_wconf 87' lang='lat' dir='ltr'>Tar-</span> 
     </span>
     <span class='ocr_line' id='line_1_12' title="bbox 209 1104 971 1175; baseline 0.007 -20"><span class='ocrx_word' id='word_1_83' title='bbox 209 1106 351 1173; x_wconf 85' lang='lat' dir='ltr'>quinieufis,</span> <span class='ocrx_word' id='word_1_84' title='bbox 369 1123 452 1175; x_wconf 76' lang='lat' dir='ltr'>nevus</span> <span class='ocrx_word' id='word_1_85' title='bbox 460 1107 544 1170; x_wconf 80' lang='lat' dir='ltr'>hostis,</span> <span class='ocrx_word' id='word_1_86' title='bbox 556 1122 607 1156; x_wconf 90' lang='lat' dir='ltr'>non</span> <span class='ocrx_word' id='word_1_87' title='bbox 618 1106 683 1157; x_wconf 82' lang='lat' dir='ltr'>stetit</span> <span class='ocrx_word' id='word_1_88' title='bbox 695 1104 783 1171; x_wconf 83' lang='lat' dir='ltr'>solum,</span> <span class='ocrx_word' id='word_1_89' title='bbox 800 1106 925 1161; x_wconf 85' lang='lat' dir='ltr'>sedetiam</span> <span class='ocrx_word' id='word_1_90' title='bbox 934 1113 971 1165; x_wconf 82' lang='lat' dir='ltr'>ab</span> 
     </span>
     <span class='ocr_line' id='line_1_13' title="bbox 208 1179 602 1253; baseline 0.003 -20"><span class='ocrx_word' id='word_1_91' title='bbox 208 1179 254 1233; x_wconf 83' lang='lat' dir='ltr'>sua</span> <span class='ocrx_word' id='word_1_92' title='bbox 263 1198 332 1252; x_wconf 87' lang='lat' dir='ltr'>parte</span> <span class='ocrx_word' id='word_1_93' title='bbox 344 1188 487 1237; x_wconf 84' lang='lat' dir='ltr'>Romanum</span> <span class='ocrx_word' id='word_1_94' title='bbox 496 1184 602 1253; x_wconf 85' lang='lat' dir='ltr'>pepulit.</span> 
     </span>
    </p>

    <p class='ocr_par' dir='ltr' id='par_1_4' title="bbox 204 1259 969 1487">
     <span class='ocr_line' id='line_1_14' title="bbox 245 1259 969 1331; baseline 0.006 -19"><span class='ocrx_word' id='word_1_95' title='bbox 245 1266 307 1313; x_wconf 90' lang='lat' dir='ltr'>VII.</span> <span class='ocrx_word' id='word_1_96' title='bbox 326 1266 365 1313; x_wconf 87' lang='lat' dir='ltr'>Ita</span> <span class='ocrx_word' id='word_1_97' title='bbox 382 1279 459 1329; x_wconf 89' lang='lat' dir='ltr'>quum</span> <span class='ocrx_word' id='word_1_98' title='bbox 473 1272 612 1331; x_wconf 88' lang='lat' dir='ltr'>pugnatum</span> <span class='ocrx_word' id='word_1_99' title='bbox 627 1259 693 1326; x_wconf 86' lang='lat' dir='ltr'>esset,</span> <span class='ocrx_word' id='word_1_100' title='bbox 712 1270 793 1313; x_wconf 85' lang='lat' dir='ltr'>tantus</span> <span class='ocrx_word' id='word_1_101' title='bbox 810 1272 892 1313; x_wconf 89' lang='lat' dir='ltr'>terror</span> <span class='ocrx_word' id='word_1_102' title='bbox 901 1268 969 1317; x_wconf 87' lang='lat' dir='ltr'>Tar-</span> 
     </span>
     <span class='ocr_line' id='line_1_15' title="bbox 204 1339 967 1409; baseline 0.004 -17"><span class='ocrx_word' id='word_1_103' title='bbox 204 1342 322 1409; x_wconf 87' lang='lat' dir='ltr'>quinium</span> <span class='ocrx_word' id='word_1_104' title='bbox 340 1352 415 1409; x_wconf 85' lang='lat' dir='ltr'>atque</span> <span class='ocrx_word' id='word_1_105' title='bbox 431 1339 547 1391; x_wconf 72' lang='lat' dir='ltr'>Etruscos</span> <span class='ocrx_word' id='word_1_106' title='bbox 566 1340 666 1405; x_wconf 80' lang='lat' dir='ltr'>incessit,</span> <span class='ocrx_word' id='word_1_107' title='bbox 683 1351 720 1405; x_wconf 86' lang='lat' dir='ltr'>ut,</span> <span class='ocrx_word' id='word_1_108' title='bbox 738 1342 827 1392; x_wconf 74' lang='lat' dir='ltr'>omissa</span> <span class='ocrx_word' id='word_1_109' title='bbox 842 1343 913 1394; x_wconf 73' lang='lat' dir='ltr'>irriti</span> <span class='ocrx_word' id='word_1_110' title='bbox 927 1360 967 1405; x_wconf 83' lang='lat' dir='ltr'>re,</span> 
     </span>
     <span class='ocr_line' id='line_1_16' title="bbox 206 1419 968 1487; baseline 0.001 -15"><span class='ocrx_word' id='word_1_111' title='bbox 206 1420 281 1472; x_wconf 77' lang='lat' dir='ltr'>none</span> <span class='ocrx_word' id='word_1_112' title='bbox 295 1420 370 1471; x_wconf 89' lang='lat' dir='ltr'>ambo</span> <span class='ocrx_word' id='word_1_113' title='bbox 385 1421 516 1485; x_wconf 78' lang='lat' dir='ltr'>exercitur,</span> <span class='ocrx_word' id='word_1_114' title='bbox 540 1419 633 1484; x_wconf 71' lang='lat' dir='ltr'>Veiens</span> <span class='ocrx_word' id='word_1_115' title='bbox 649 1419 891 1487; x_wconf 73' lang='lat' dir='ltr'>Tarquiniensisque,</span> <span class='ocrx_word' id='word_1_116' title='bbox 910 1422 968 1475; x_wconf 81' lang='lat' dir='ltr'>suae</span> 
     </span>
    </p>

    <p class='ocr_par' dir='ltr' id='par_1_5' title="bbox 114 1486 966 2270">
     <span class='ocr_line' id='line_1_17' title="bbox 114 1486 964 1569; baseline 0.004 -21"><span class='ocrx_word' id='word_1_117' title='bbox 114 1486 119 1499; x_wconf 52' lang='lat'>¹</span> <span class='ocrx_word' id='word_1_118' title='bbox 204 1499 313 1569; x_wconf 86' lang='lat' dir='ltr'>quisque</span> <span class='ocrx_word' id='word_1_119' title='bbox 324 1500 421 1551; x_wconf 86' lang='lat' dir='ltr'>abirent</span> <span class='ocrx_word' id='word_1_120' title='bbox 432 1499 530 1549; x_wconf 70' lang='lat' dir='ltr'>domos.</span> <span class='ocrx_word' id='word_1_121' title='bbox 565 1496 696 1561; x_wconf 85' lang='lat' dir='ltr'>Adjiciunt</span> <span class='ocrx_word' id='word_1_122' title='bbox 709 1498 829 1549; x_wconf 71' lang='lat' dir='ltr'>miranda</span> <span class='ocrx_word' id='word_1_123' title='bbox 843 1501 903 1550; x_wconf 87' lang='lat' dir='ltr'>huie</span> <span class='ocrx_word' id='word_1_124' title='bbox 914 1517 964 1568; x_wconf 89' lang='lat' dir='ltr'>pu·</span> 
     </span>
     <span class='ocr_line' id='line_1_18' title="bbox 204 1572 966 1645; baseline 0.005 -19"><span class='ocrx_word' id='word_1_125' title='bbox 204 1590 276 1641; x_wconf 79' lang='lat' dir='ltr'>gnae:</span> <span class='ocrx_word' id='word_1_126' title='bbox 294 1576 390 1627; x_wconf 82' lang='lat' dir='ltr'>fisentio</span> <span class='ocrx_word' id='word_1_127' title='bbox 403 1576 529 1645; x_wconf 72' lang='lat' dir='ltr'>proxima</span> <span class='ocrx_word' id='word_1_128' title='bbox 545 1572 623 1626; x_wconf 68' lang='lat' dir='ltr'>nodis</span> <span class='ocrx_word' id='word_1_129' title='bbox 634 1590 667 1627; x_wconf 82' lang='lat' dir='ltr'>ex</span> <span class='ocrx_word' id='word_1_130' title='bbox 683 1575 745 1625; x_wconf 77' lang='lat' dir='ltr'>filva</span> <span class='ocrx_word' id='word_1_131' title='bbox 757 1575 826 1626; x_wconf 76' lang='lat' dir='ltr'>Arsa</span> <span class='ocrx_word' id='word_1_132' title='bbox 836 1577 966 1641; x_wconf 84' lang='lat' dir='ltr'>ingentem</span> 
     </span>
     <span class='ocr_line' id='line_1_19' title="bbox 204 1654 965 1717; baseline 0.003 -12"><span class='ocrx_word' id='word_1_133' title='bbox 204 1655 301 1707; x_wconf 87' lang='lat' dir='ltr'>editam</span> <span class='ocrx_word' id='word_1_134' title='bbox 312 1672 420 1717; x_wconf 84' lang='lat' dir='ltr'>voeern;</span> <span class='ocrx_word' id='word_1_135' title='bbox 438 1655 531 1706; x_wconf 83' lang='lat' dir='ltr'>Silvani</span> <span class='ocrx_word' id='word_1_136' title='bbox 543 1670 633 1705; x_wconf 81' lang='lat' dir='ltr'>vocem</span> <span class='ocrx_word' id='word_1_137' title='bbox 645 1670 699 1705; x_wconf 87' lang='lat' dir='ltr'>eam</span> <span class='ocrx_word' id='word_1_138' title='bbox 710 1654 842 1716; x_wconf 68' lang='lat' dir='ltr'>creditam</span> <span class='ocrx_word' id='word_1_139' title='bbox 859 1656 913 1705; x_wconf 81' lang='lat' dir='ltr'>haee</span> <span class='ocrx_word' id='word_1_140' title='bbox 923 1656 965 1707; x_wconf 91' lang='lat' dir='ltr'>di-</span> 
     </span>
     <span class='ocr_line' id='line_1_20' title="bbox 203 1730 964 1802; baseline -0.005 -15"><span class='ocrx_word' id='word_1_141' title='bbox 203 1732 253 1798; x_wconf 63' lang='lat' dir='ltr'>Ra,</span> <span class='ocrx_word' id='word_1_142' title='bbox 271 1736 320 1785; x_wconf 80' lang='lat' dir='ltr'>Uno</span> <span class='ocrx_word' id='word_1_143' title='bbox 326 1735 377 1802; x_wconf 83' lang='lat' dir='ltr'>pius</span> <span class='ocrx_word' id='word_1_144' title='bbox 388 1735 528 1802; x_wconf 73' lang='lat' dir='ltr'>Etruj&#39;comm</span> <span class='ocrx_word' id='word_1_145' title='bbox 541 1730 632 1801; x_wconf 79' lang='lat' dir='ltr'>cecidiffe</span> <span class='ocrx_word' id='word_1_146' title='bbox 643 1733 665 1782; x_wconf 78' lang='lat' dir='ltr'>in</span> <span class='ocrx_word' id='word_1_147' title='bbox 676 1734 722 1781; x_wconf 86' lang='lat' dir='ltr'>acie</span> <span class='ocrx_word' id='word_1_148' title='bbox 727 1751 734 1794; x_wconf 87' lang='lat'>;</span> <span class='ocrx_word' id='word_1_149' title='bbox 751 1731 900 1783; x_wconf 62' lang='lat' dir='ltr'>vincet-escun</span> <span class='ocrx_word' id='word_1_150' title='bbox 915 1736 964 1783; x_wconf 79' lang='lat' dir='ltr'>iin-</span> 
     </span>
     <span class='ocr_line' id='line_1_21' title="bbox 203 1808 964 1876; baseline -0.001 -12"><span class='ocrx_word' id='word_1_151' title='bbox 203 1830 312 1863; x_wconf 79' lang='lat' dir='ltr'>manem..</span> <span class='ocrx_word' id='word_1_152' title='bbox 332 1816 372 1863; x_wconf 84' lang='lat' dir='ltr'>Ita</span> <span class='ocrx_word' id='word_1_153' title='bbox 383 1816 448 1864; x_wconf 81' lang='lat' dir='ltr'>eerte</span> <span class='ocrx_word' id='word_1_154' title='bbox 456 1812 516 1863; x_wconf 85' lang='lat' dir='ltr'>inde</span> <span class='ocrx_word' id='word_1_155' title='bbox 526 1811 611 1861; x_wconf 87' lang='lat' dir='ltr'>abiere</span> <span class='ocrx_word' id='word_1_156' title='bbox 623 1811 738 1876; x_wconf 83' lang='lat' dir='ltr'>Romani,</span> <span class='ocrx_word' id='word_1_157' title='bbox 750 1822 779 1861; x_wconf 93' lang='lat' dir='ltr'>ut</span> <span class='ocrx_word' id='word_1_158' title='bbox 790 1808 910 1874; x_wconf 59' lang='lat' dir='ltr'>vitiorem</span> <span class='ocrx_word' id='word_1_159' title='bbox 926 1814 964 1863; x_wconf 82' lang='lat' dir='ltr'>E·</span> 
     </span>
     <span class='ocr_line' id='line_1_22' title="bbox 203 1888 962 1959; baseline -0.003 -18"><span class='ocrx_word' id='word_1_160' title='bbox 203 1890 281 1952; x_wconf 75' lang='lat' dir='ltr'>trusci</span> <span class='ocrx_word' id='word_1_161' title='bbox 296 1907 343 1959; x_wconf 88' lang='lat' dir='ltr'>pro</span> <span class='ocrx_word' id='word_1_162' title='bbox 358 1891 440 1943; x_wconf 70' lang='lat' dir='ltr'>vistis.</span> <span class='ocrx_word' id='word_1_163' title='bbox 482 1892 557 1953; x_wconf 85' lang='lat' dir='ltr'>Nam,</span> <span class='ocrx_word' id='word_1_164' title='bbox 575 1888 704 1957; x_wconf 85' lang='lat' dir='ltr'>postquam</span> <span class='ocrx_word' id='word_1_165' title='bbox 721 1889 812 1952; x_wconf 81' lang='lat' dir='ltr'>illuxit,</span> <span class='ocrx_word' id='word_1_166' title='bbox 828 1903 873 1937; x_wconf 86' lang='lat' dir='ltr'>nee</span> <span class='ocrx_word' id='word_1_167' title='bbox 891 1889 962 1955; x_wconf 85' lang='lat' dir='ltr'>quis-</span> 
     </span>
     <span class='ocr_line' id='line_1_23' title="bbox 200 1966 960 2039; baseline -0.011 -15"><span class='ocrx_word' id='word_1_168' title='bbox 200 1986 280 2039; x_wconf 87' lang='lat' dir='ltr'>quam</span> <span class='ocrx_word' id='word_1_169' title='bbox 295 1970 403 2023; x_wconf 80' lang='lat' dir='ltr'>hostium</span> <span class='ocrx_word' id='word_1_170' title='bbox 421 1972 449 2022; x_wconf 87' lang='lat' dir='ltr'>in</span> <span class='ocrx_word' id='word_1_171' title='bbox 468 1968 602 2037; x_wconf 71' lang='lat' dir='ltr'>conspeetu</span> <span class='ocrx_word' id='word_1_172' title='bbox 621 1977 682 2032; x_wconf 87' lang='lat' dir='ltr'>erat,</span> <span class='ocrx_word' id='word_1_173' title='bbox 700 1968 727 2017; x_wconf 92' lang='lat' dir='ltr'>P.</span> <span class='ocrx_word' id='word_1_174' title='bbox 742 1966 855 2017; x_wconf 86' lang='lat' dir='ltr'>Valerius</span> <span class='ocrx_word' id='word_1_175' title='bbox 871 1966 960 2020; x_wconf 85' lang='lat' dir='ltr'>consul</span> 
     </span>
     <span class='ocr_line' id='line_1_24' title="bbox 199 2046 958 2121; baseline -0.007 -19"><span class='ocrx_word' id='word_1_176' title='bbox 199 2048 281 2120; x_wconf 83' lang='lat' dir='ltr'>spolia</span> <span class='ocrx_word' id='word_1_177' title='bbox 296 2052 365 2119; x_wconf 86' lang='lat' dir='ltr'>legit,</span> <span class='ocrx_word' id='word_1_178' title='bbox 383 2050 586 2121; x_wconf 83' lang='lat' dir='ltr'>triumphansque</span> <span class='ocrx_word' id='word_1_179' title='bbox 599 2046 656 2099; x_wconf 90' lang='lat' dir='ltr'>inde</span> <span class='ocrx_word' id='word_1_180' title='bbox 670 2049 777 2103; x_wconf 82' lang='lat' dir='ltr'>Romam</span> <span class='ocrx_word' id='word_1_181' title='bbox 789 2046 870 2096; x_wconf 85' lang='lat' dir='ltr'>rediit.</span> <span class='ocrx_word' id='word_1_182' title='bbox 904 2046 958 2097; x_wconf 84' lang='lat' dir='ltr'>coi-</span> 
     </span>
     <span class='ocr_line' id='line_1_25' title="bbox 200 2123 960 2199; baseline -0.008 -18"><span class='ocrx_word' id='word_1_183' title='bbox 200 2131 264 2195; x_wconf 79' lang='lat' dir='ltr'>legae</span> <span class='ocrx_word' id='word_1_184' title='bbox 278 2130 359 2197; x_wconf 78' lang='lat' dir='ltr'>sunus,</span> <span class='ocrx_word' id='word_1_185' title='bbox 376 2142 472 2199; x_wconf 87' lang='lat' dir='ltr'>quanto</span> <span class='ocrx_word' id='word_1_186' title='bbox 487 2141 544 2181; x_wconf 89' lang='lat' dir='ltr'>tum</span> <span class='ocrx_word' id='word_1_187' title='bbox 560 2128 644 2198; x_wconf 85' lang='lat' dir='ltr'>potuit</span> <span class='ocrx_word' id='word_1_188' title='bbox 665 2136 793 2194; x_wconf 86' lang='lat' dir='ltr'>apparatu,</span> <span class='ocrx_word' id='word_1_189' title='bbox 811 2124 879 2175; x_wconf 86' lang='lat' dir='ltr'>secit.</span> <span class='ocrx_word' id='word_1_190' title='bbox 915 2123 960 2176; x_wconf 76' lang='lat' dir='ltr'>sed</span> 
     </span>
     <span class='ocr_line' id='line_1_26' title="bbox 201 2203 959 2270; baseline -0.011 -11"><span class='ocrx_word' id='word_1_191' title='bbox 201 2209 283 2259; x_wconf 75' lang='lat' dir='ltr'>multe</span> <span class='ocrx_word' id='word_1_192' title='bbox 294 2209 374 2269; x_wconf 84' lang='lat' dir='ltr'>majus</span> <span class='ocrx_word' id='word_1_193' title='bbox 384 2209 461 2255; x_wconf 88' lang='lat' dir='ltr'>morti</span> <span class='ocrx_word' id='word_1_194' title='bbox 477 2207 552 2257; x_wconf 76' lang='lat' dir='ltr'>decue</span> <span class='ocrx_word' id='word_1_195' title='bbox 563 2204 663 2270; x_wconf 83' lang='lat' dir='ltr'>publica</span> <span class='ocrx_word' id='word_1_196' title='bbox 673 2204 721 2250; x_wconf 86' lang='lat' dir='ltr'>suit</span> <span class='ocrx_word' id='word_1_197' title='bbox 732 2203 853 2265; x_wconf 79' lang='lat' dir='ltr'>moestitia,</span> <span class='ocrx_word' id='word_1_198' title='bbox 870 2204 902 2251; x_wconf 78' lang='lat' dir='ltr'>ed</span> <span class='ocrx_word' id='word_1_199' title='bbox 912 2216 959 2251; x_wconf 83' lang='lat' dir='ltr'>an·</span> 
     </span>
    </p>

    <p class='ocr_par' dir='ltr' id='par_1_6' title="bbox 197 2280 961 2811">
     <span class='ocr_line' id='line_1_27' title="bbox 201 2280 961 2345; baseline -0.005 -13"><span class='ocrx_word' id='word_1_200' title='bbox 201 2292 229 2333; x_wconf 82' lang='lat' dir='ltr'>te</span> <span class='ocrx_word' id='word_1_201' title='bbox 240 2280 442 2344; x_wconf 86' lang='lat' dir='ltr'>omniainfignis,</span> <span class='ocrx_word' id='word_1_202' title='bbox 458 2283 518 2345; x_wconf 86' lang='lat' dir='ltr'>quia</span> <span class='ocrx_word' id='word_1_203' title='bbox 534 2289 764 2337; x_wconf 42' lang='lat' dir='ltr'>matronae‘annurn,</span> <span class='ocrx_word' id='word_1_204' title='bbox 780 2286 809 2326; x_wconf 90' lang='lat' dir='ltr'>ut</span> <span class='ocrx_word' id='word_1_205' title='bbox 820 2288 961 2343; x_wconf 76' lang='lat' dir='ltr'>parentem,</span> 
     </span>
     <span class='ocr_line' id='line_1_28' title="bbox 200 2350 956 2420; baseline -0.001 -11"><span class='ocrx_word' id='word_1_206' title='bbox 200 2374 261 2410; x_wconf 87' lang='lat' dir='ltr'>euru</span> <span class='ocrx_word' id='word_1_207' title='bbox 276 2358 402 2419; x_wconf 83' lang='lat' dir='ltr'>luxerunt,</span> <span class='ocrx_word' id='word_1_208' title='bbox 415 2355 482 2420; x_wconf 83' lang='lat' dir='ltr'>qudd</span> <span class='ocrx_word' id='word_1_209' title='bbox 498 2366 550 2404; x_wconf 87' lang='lat' dir='ltr'>tam</span> <span class='ocrx_word' id='word_1_210' title='bbox 566 2366 622 2403; x_wconf 86' lang='lat' dir='ltr'>acer</span> <span class='ocrx_word' id='word_1_211' title='bbox 632 2350 700 2401; x_wconf 89' lang='lat' dir='ltr'>ultor</span> <span class='ocrx_word' id='word_1_212' title='bbox 713 2351 813 2403; x_wconf 72' lang='lat' dir='ltr'>violata</span> <span class='ocrx_word' id='word_1_213' title='bbox 823 2356 956 2420; x_wconf 72' lang='lat' dir='ltr'>pudicitia</span> 
     </span>
     <span class='ocr_line' id='line_1_29' title="bbox 200 2424 960 2499; baseline 0 -17"><span class='ocrx_word' id='word_1_214' title='bbox 200 2428 292 2499; x_wconf 73' lang='lat' dir='ltr'>fnisset.</span> <span class='ocrx_word' id='word_1_215' title='bbox 328 2430 429 2482; x_wconf 84' lang='lat' dir='ltr'>consuli</span> <span class='ocrx_word' id='word_1_216' title='bbox 442 2430 539 2495; x_wconf 88' lang='lat' dir='ltr'>deinde,</span> <span class='ocrx_word' id='word_1_217' title='bbox 557 2428 601 2495; x_wconf 89' lang='lat' dir='ltr'>qui</span> <span class='ocrx_word' id='word_1_218' title='bbox 616 2424 775 2495; x_wconf 83' lang='lat' dir='ltr'>superfuerat,</span> <span class='ocrx_word' id='word_1_219' title='bbox 791 2440 820 2479; x_wconf 90' lang='lat' dir='ltr'>ut</span> <span class='ocrx_word' id='word_1_220' title='bbox 831 2428 887 2481; x_wconf 86' lang='lat' dir='ltr'>sunt</span> <span class='ocrx_word' id='word_1_221' title='bbox 898 2447 960 2482; x_wconf 89' lang='lat' dir='ltr'>rnu-</span> 
     </span>
     <span class='ocr_line' id='line_1_30' title="bbox 199 2508 959 2576; baseline -0.001 -13"><span class='ocrx_word' id='word_1_222' title='bbox 199 2513 290 2565; x_wconf 86' lang='lat' dir='ltr'>tabiles</span> <span class='ocrx_word' id='word_1_223' title='bbox 304 2510 375 2576; x_wconf 84' lang='lat' dir='ltr'>vulgi</span> <span class='ocrx_word' id='word_1_224' title='bbox 386 2509 471 2574; x_wconf 81' lang='lat' dir='ltr'>animi,</span> <span class='ocrx_word' id='word_1_225' title='bbox 490 2524 523 2559; x_wconf 88' lang='lat' dir='ltr'>ex</span> <span class='ocrx_word' id='word_1_226' title='bbox 535 2508 623 2559; x_wconf 79' lang='lat' dir='ltr'>favore</span> <span class='ocrx_word' id='word_1_227' title='bbox 640 2521 691 2556; x_wconf 90' lang='lat' dir='ltr'>non</span> <span class='ocrx_word' id='word_1_228' title='bbox 703 2508 799 2558; x_wconf 85' lang='lat' dir='ltr'>invidia</span> <span class='ocrx_word' id='word_1_229' title='bbox 809 2508 894 2574; x_wconf 76' lang='lat' dir='ltr'>mode,</span> <span class='ocrx_word' id='word_1_230' title='bbox 913 2508 959 2562; x_wconf 80' lang='lat' dir='ltr'>sed</span> 
     </span>
     <span class='ocr_line' id='line_1_31' title="bbox 198 2580 960 2660; baseline -0.01 -18"><span class='ocrx_word' id='word_1_231' title='bbox 198 2589 309 2660; x_wconf 87' lang='lat' dir='ltr'>suspicio</span> <span class='ocrx_word' id='word_1_232' title='bbox 319 2590 396 2641; x_wconf 81' lang='lat' dir='ltr'>etiam</span> <span class='ocrx_word' id='word_1_233' title='bbox 404 2604 461 2640; x_wconf 86' lang='lat' dir='ltr'>eum</span> <span class='ocrx_word' id='word_1_234' title='bbox 471 2586 552 2639; x_wconf 87' lang='lat' dir='ltr'>atroci</span> <span class='ocrx_word' id='word_1_235' title='bbox 563 2580 673 2648; x_wconf 83' lang='lat' dir='ltr'>erimine,</span> <span class='ocrx_word' id='word_1_236' title='bbox 685 2595 748 2635; x_wconf 88' lang='lat' dir='ltr'>orta.</span> <span class='ocrx_word' id='word_1_237' title='bbox 772 2588 886 2651; x_wconf 81' lang='lat' dir='ltr'>Regnum</span> <span class='ocrx_word' id='word_1_238' title='bbox 895 2602 960 2639; x_wconf 86' lang='lat' dir='ltr'>eum</span> 
     </span>
     <span class='ocr_line' id='line_1_32' title="bbox 198 2662 958 2736; baseline -0.009 -14"><span class='ocrx_word' id='word_1_239' title='bbox 198 2670 320 2736; x_wconf 72' lang='lat' dir='ltr'>affetiare,</span> <span class='ocrx_word' id='word_1_240' title='bbox 337 2669 404 2720; x_wconf 84' lang='lat' dir='ltr'>sama</span> <span class='ocrx_word' id='word_1_241' title='bbox 414 2667 522 2718; x_wconf 87' lang='lat' dir='ltr'>serebat:</span> <span class='ocrx_word' id='word_1_242' title='bbox 540 2664 599 2731; x_wconf 86' lang='lat' dir='ltr'>quia</span> <span class='ocrx_word' id='word_1_243' title='bbox 605 2678 655 2721; x_wconf 81' lang='lat' dir='ltr'>nee</span> <span class='ocrx_word' id='word_1_244' title='bbox 666 2662 785 2729; x_wconf 83' lang='lat' dir='ltr'>eoilegam</span> <span class='ocrx_word' id='word_1_245' title='bbox 800 2663 958 2729; x_wconf 85' lang='lat' dir='ltr'>subrogave-</span> 
     </span>
     <span class='ocr_line' id='line_1_33' title="bbox 197 2739 957 2811; baseline -0.009 -10"><span class='ocrx_word' id='word_1_246' title='bbox 197 2759 239 2801; x_wconf 86' lang='lat' dir='ltr'>rat</span> <span class='ocrx_word' id='word_1_247' title='bbox 250 2749 369 2798; x_wconf 86' lang='lat' dir='ltr'>inlocum</span> <span class='ocrx_word' id='word_1_248' title='bbox 381 2747 457 2811; x_wconf 90' lang='lat' dir='ltr'>Bruti,</span> <span class='ocrx_word' id='word_1_249' title='bbox 475 2747 500 2796; x_wconf 77' lang='lat' dir='ltr'>dt</span> <span class='ocrx_word' id='word_1_250' title='bbox 512 2740 647 2794; x_wconf 72' lang='lat' dir='ltr'>aedificabat</span> <span class='ocrx_word' id='word_1_251' title='bbox 660 2741 687 2790; x_wconf 91' lang='lat' dir='ltr'>in</span> <span class='ocrx_word' id='word_1_252' title='bbox 698 2739 793 2793; x_wconf 88' lang='lat' dir='ltr'>summa</span> <span class='ocrx_word' id='word_1_253' title='bbox 803 2742 885 2792; x_wconf 88' lang='lat' dir='ltr'>Velia.</span> <span class='ocrx_word' id='word_1_254' title='bbox 914 2742 957 2794; x_wconf 87' lang='lat' dir='ltr'>ibi</span> 
     </span>
    </p>

    <p class='ocr_par' dir='ltr' id='par_1_7' title="bbox 141 2818 956 2965">
     <span class='ocr_line' id='line_1_34' title="bbox 141 2818 956 2890; baseline -0.005 -13"><span class='ocrx_word' id='word_1_255' title='bbox 141 2819 143 2828; x_wconf 72' lang='grc'>’</span> <span class='ocrx_word' id='word_1_256' title='bbox 197 2826 251 2877; x_wconf 85' lang='lat' dir='ltr'>aito</span> <span class='ocrx_word' id='word_1_257' title='bbox 267 2834 341 2890; x_wconf 89' lang='lat' dir='ltr'>atque</span> <span class='ocrx_word' id='word_1_258' title='bbox 359 2824 457 2873; x_wconf 88' lang='lat' dir='ltr'>munito</span> <span class='ocrx_word' id='word_1_259' title='bbox 473 2823 532 2872; x_wconf 89' lang='lat' dir='ltr'>loeo</span> <span class='ocrx_word' id='word_1_260' title='bbox 546 2835 628 2871; x_wconf 84' lang='lat' dir='ltr'>arcem</span> <span class='ocrx_word' id='word_1_261' title='bbox 644 2820 865 2889; x_wconf 81' lang='lat' dir='ltr'>inexpugnabilem</span> <span class='ocrx_word' id='word_1_262' title='bbox 884 2818 956 2873; x_wconf 86' lang='lat' dir='ltr'>sore.</span> 
     </span>
     <span class='ocr_line' id='line_1_35' title="bbox 148 2891 955 2965; baseline -0.002 -12"><span class='ocrx_word' id='word_1_263' title='bbox 148 2891 157 2905; x_wconf 76' lang='lat'><em>&#39;</em></span> <span class='ocrx_word' id='word_1_264' title='bbox 195 2904 256 2957; x_wconf 81' lang='lat' dir='ltr'>Haec</span> <span class='ocrx_word' id='word_1_265' title='bbox 267 2899 331 2951; x_wconf 79' lang='lat' dir='ltr'>dieta</span> <span class='ocrx_word' id='word_1_266' title='bbox 342 2900 419 2963; x_wconf 82' lang='lat' dir='ltr'>vulgd</span> <span class='ocrx_word' id='word_1_267' title='bbox 430 2898 570 2965; x_wconf 85' lang='lat' dir='ltr'>creditaque</span> <span class='ocrx_word' id='word_1_268' title='bbox 586 2912 663 2965; x_wconf 89' lang='lat' dir='ltr'>quum</span> <span class='ocrx_word' id='word_1_269' title='bbox 674 2898 820 2964; x_wconf 87' lang='lat' dir='ltr'>indignitate</span> <span class='ocrx_word' id='word_1_270' title='bbox 831 2910 955 2963; x_wconf 88' lang='lat' dir='ltr'>angerent</span> 
     </span>
    </p>
   </div>
   <div class='ocr_carea' id='block_1_3' title="bbox 192 2972 1036 3050">
    <p class='ocr_par' dir='ltr' id='par_1_8' title="bbox 192 2972 1036 3050">
     <span class='ocr_line' id='line_1_36' title="bbox 192 2972 1036 3050; baseline -0.005 -21"><span class='ocrx_word' id='word_1_271' title='bbox 192 2975 300 3029; x_wconf 82' lang='lat' dir='ltr'>consulis</span> <span class='ocrx_word' id='word_1_272' title='bbox 312 2978 431 3037; x_wconf 82' lang='lat' dir='ltr'>animun,</span> <span class='ocrx_word' id='word_1_273' title='bbox 448 2985 542 3050; x_wconf 71' lang='lat' dir='ltr'>vocato</span> <span class='ocrx_word' id='word_1_274' title='bbox 557 2974 588 3027; x_wconf 90' lang='lat' dir='ltr'>ad</span> <span class='ocrx_word' id='word_1_275' title='bbox 607 2976 744 3026; x_wconf 86' lang='lat' dir='ltr'>concilium</span> <span class='ocrx_word' id='word_1_276' title='bbox 759 2974 863 3043; x_wconf 84' lang='lat' dir='ltr'>populo,</span> <span class='ocrx_word' id='word_1_277' title='bbox 883 2972 952 3025; x_wconf 84' lang='lat' dir='ltr'>sunr-</span> <span class='ocrx_word' id='word_1_278' title='bbox 1035 3026 1036 3043; x_wconf 49' lang='lat'>,</span> 
     </span>
    </p>
   </div>
   <div class='ocr_carea' id='block_1_4' title="bbox 189 3046 1036 3186">
    <p class='ocr_par' dir='ltr' id='par_1_9' title="bbox 189 3046 1036 3186">
     <span class='ocr_line' id='line_1_37' title="bbox 189 3046 1036 3139; baseline -0.011 -27"><span class='ocrx_word' id='word_1_279' title='bbox 189 3051 268 3112; x_wconf 55' lang='lat' dir='ltr'>ttius</span> <span class='ocrx_word' id='word_1_280' title='bbox 277 3053 386 3109; x_wconf 72' lang='lat' dir='ltr'>fascibus</span> <span class='ocrx_word' id='word_1_281' title='bbox 396 3053 423 3107; x_wconf 86' lang='lat' dir='ltr'>iu</span> <span class='ocrx_word' id='word_1_282' title='bbox 434 3054 584 3115; x_wconf 79' lang='lat' dir='ltr'>concionem</span> <span class='ocrx_word' id='word_1_283' title='bbox 595 3052 713 3111; x_wconf 79' lang='lat' dir='ltr'>escendit.</span> <span class='ocrx_word' id='word_1_284' title='bbox 731 3056 839 3111; x_wconf 80' lang='lat' dir='ltr'>Gratum</span> <span class='ocrx_word' id='word_1_285' title='bbox 848 3051 876 3105; x_wconf 89' lang='lat' dir='ltr'>id</span> <span class='ocrx_word' id='word_1_286' title='bbox 883 3050 953 3139; x_wconf 74' lang='lat' dir='ltr'>mus-</span> <span class='ocrx_word' id='word_1_287' title='bbox 1035 3046 1036 3125; x_wconf 55' lang='lat' dir='ltr'>i</span> 
     </span>
     <span class='ocr_line' id='line_1_38' title="bbox 504 3138 1036 3186; baseline -0.017 1"><span class='ocrx_word' id='word_1_288' title='bbox 504 3170 511 3180; x_wconf 83' lang='lat'>.</span> <span class='ocrx_word' id='word_1_289' title='bbox 875 3138 941 3183; x_wconf 85' lang='lat' dir='ltr'>tuu-</span> <span class='ocrx_word' id='word_1_290' title='bbox 991 3180 995 3186; x_wconf 78' lang='grc'><strong>,</strong></span> <span class='ocrx_word' id='word_1_291' title='bbox 1035 3138 1036 3173; x_wconf 67' lang='lat' dir='ltr'>t</span> 
     </span>
    </p>
   </div>
   <div class='ocr_carea' id='block_1_5' title="bbox 0 0 1064 3642">
    <p class='ocr_par' dir='ltr' id='par_1_10' title="bbox 0 0 1064 3642">
     <span class='ocr_line' id='line_1_39' title="bbox 0 0 1064 3642; baseline 0 3"><span class='ocrx_word' id='word_1_292' title='bbox 0 0 1064 3642; x_wconf 95' lang='lat' dir='ltr'> </span> 
     </span>
    </p>
   </div>
  </div>
 </body>
</html>
