2117 3642
189 203 242 256 324
441 197 479 249 Τ.
512 197 610 249 1.1v
625 199 670 251 11
932 259 938 264 ⁵

188 281 271 335 noto
288 281 447 350 religionibus
464 287 558 352 datum,
574 298 620 338 aut
635 287 889 354 religionomimoe,
901 300 964 341 aut

190 373 295 426 corpora
319 359 411 412 morbis
430 362 537 414 levavit.
558 364 623 429 quin
642 366 728 428 etiam,
744 380 822 431 quum
841 365 965 418 medios

189 433 255 487 sorte
264 437 334 488 ludor
347 439 426 488 circus
443 441 534 490 Tiberi
549 439 677 508 superfuso
693 443 808 506 irrigante
821 442 963 510 impedis-

190 511 233 576 set,
250 511 275 562 id
292 517 362 577 vero,
379 515 449 566 velut
460 517 550 566 averfis
562 516 616 580 inm
632 518 688 568 Diis
702 516 963 584 aspernantibusque

188 590 328 656 placamina
337 592 388 657 irre,
405 603 524 644 terrorem
534 595 661 659 ingentem
670 594 740 647 iecit.
774 597 877 661 Itaque,
897 599 960 646 Cn.

190 668 316 734 Genucio,
333 671 365 718 L.
383 670 486 725 AEmilio
502 672 659 722 Mamercino
676 670 812 722 [eumdum
829 671 960 722 consuli·

189 745 244 812 bur,
253 761 331 813 quum
340 748 493 815 piaculorum
501 751 581 814 magis
587 749 738 814 eonqnifitio
746 749 852 812 animos,
862 754 957 815 quarn

189 839 296 892 corpora
307 827 398 890 morbi,
414 825 547 889 afficerent,
562 827 695 894 repetitum
705 841 739 876 ex
750 824 881 876 seniorum
893 841 956 876 me-

188 902 269 952 moria
280 900 378 965 dicitnr,
395 902 556 968 pestilentiam
566 901 693 967 qnondam
702 903 776 952 elato
787 901 820 952 ab
830 901 954 953 ‹liliano-

188 991 216 1026 re
234 975 287 1026 fixo
304 975 421 1026 sedatam.
455 977 491 1028 Ei
507 977 628 1040 religione
644 976 761 1040 adduiiur
782 975 885 1028 senatur
903 975 951 1026 di·

188 1050 307 1102 autorem
318 1052 384 1102 clavi
395 1052 486 1117 figendi
496 1054 569 1102 causi
578 1052 628 1104 dici
636 1051 712 1116 juffit.
729 1051 806 1102 diuus
816 1053 850 1100 L.
859 1055 949 1104 Man-

188 1128 235 1178 lius
252 1127 407 1194 Imperiosus,
425 1131 456 1178 L.
470 1129 595 1178 Pinarium
613 1129 754 1193 magistrum
768 1129 885 1193 equitum
901 1129 948 1179 <li-

188 1205 236 1254 xit.
271 1205 327 1254 Lex
338 1203 433 1253 vetusta
444 1203 484 1266 eil,
501 1202 587 1269 priscii
603 1203 679 1254 literis
690 1201 819 1268 verbisque
836 1202 948 1271 scripta,

188 1291 225 1342 ut,
242 1279 284 1345 qui
296 1289 386 1346 praetor
402 1279 525 1328 maximus
537 1277 574 1342 fit,
591 1279 676 1331 ldibru
687 1276 871 1346 Septembribus
888 1280 946 1328 cla-

189 1373 251 1409 vum
262 1368 362 1424 pangat.
396 1358 416 1406 F
418 1359 461 1408 ina
472 1356 519 1406 suit
534 1355 624 1406 dextro
635 1357 704 1406 lateri
715 1355 772 1408 adis
783 1357 855 1421 Jovis
868 1355 946 1424 opti·

141 1457 143 1464 ·
187 1437 224 1486 mi
235 1434 347 1496 maximi,
365 1448 398 1483 ex
409 1449 460 1498 qua·
468 1443 536 1500 parte
546 1435 668 1484 Minervae
679 1434 795 1502 templum
805 1434 848 1484 est.
869 1435 944 1486 Eum

188 1513 298 1572 clavum,
315 1511 372 1572 qnia
382 1525 443 1558 rarae
455 1523 497 1574 per
508 1523 537 1556 ea
549 1519 660 1574 tempora
670 1509 747 1562 litcrae
757 1520 835 1572 erant,
846 1521 942 1562 notam

187 1585 284 1638 nurneri
300 1599 420 1634 annorum
437 1583 507 1634 tuisse
523 1583 622 1634 senrnt:
640 1602 721 1652 eoque
731 1588 855 1638 Minerva
869 1598 941 1637 tem.

187 1665 230 1732 pio
241 1664 347 1714 dicatam
364 1661 453 1728 legem,
470 1662 529 1728 quia
540 1678 657 1715 numerus
668 1668 791 1716 Minerva
800 1667 939 1717 inventum

108 1771 110 1776 ·
187 1742 225 1794 iit.
243 1741 358 1794 Volsiniis
370 1757 469 1808 quoquc
481 1741 575 1806 clavos,
591 1741 683 1792 indices
693 1742 789 1792 numeri
799 1757 938 1809 annorum,

188 1818 255 1870 fixos
264 1820 290 1868 in
301 1818 394 1886 templo
406 1817 508 1880 Nortiae,
525 1817 632 1868 Etruscae
643 1822 711 1882 Dez,
727 1834 879 1886 comparere,
894 1819 937 1872 di-

187 1901 265 1964 iigcm
282 1897 369 1948 talium
379 1907 597 1947 monumentorum
611 1895 696 1946 autlor
708 1897 807 1947 Cincius
817 1895 936 1948 affirmat.

187 1980 228 2028 M.
240 1975 359 2026 Horatius
371 1974 456 2028 consul
465 1990 497 2025 ex
508 1975 563 2039 lege
573 1974 773 2042 ternplumJorip
782 1974 872 2040 optimi
880 1989 935 2024 ma·

187 2055 249 2104 ximi
261 2053 385 2106 dedicavit
401 2071 468 2106 anno
479 2055 531 2122 post
548 2068 617 2118 reget
627 2052 742 2104 milon:
759 2057 775 2104 ὲ
790 2050 933 2105 confinibus
1029 2058 1030 2065 ’

187 2132 269 2198 postet
288 2131 320 2182 ad
337 2131 474 2197 diiiatorcs,
492 2133 549 2198 quia
567 2131 647 2195 majus
664 2131 796 2198 imperium
812 2141 873 2194 erat,
890 2131 933 2184 so·

186 2213 259 2260 lenne
275 2211 341 2260 clavi
357 2207 448 2274 figendi
466 2211 608 2262 transsatum
618 2209 659 2260 eii.
693 2208 831 2260 Intermiffo
842 2208 933 2262 deinde
1028 2210 1029 2277 i

185 2301 263 2347 more,
281 2285 355 2347 digna
372 2287 446 2336 ctiam
463 2301 506 2354 per
523 2285 548 2334 se
565 2285 679 2349 visores,
696 2297 880 2354 propterquam
891 2286 936 2338 dr.
1028 2322 1029 2347 r

184 2359 263 2414 iiator
274 2371 405 2410 crearetur.
417 2376 465 2426 qua
476 2359 506 2412 dc
515 2358 587 2411 causa
597 2372 693 2412 creatus
703 2365 735 2412 L.
748 2362 863 2425 Manlius,
871 2378 929 2430 pet·

185 2435 247 2496 inde¹
258 2452 287 2486 ac
299 2437 439 2503 reipublicae
450 2438 569 2502 gerendz,
585 2453 615 2488 ac
626 2455 677 2490 non
693 2439 818 2490 solvenda
827 2439 928 2504 religio·
1027 2468 1028 2483 r

177 2511 225 2578 ne,
248 2514 326 2579 gratii
345 2525 440 2566 creatus
458 2512 522 2578 effet,
544 2513 637 2566 bellum
654 2518 790 2569 Hernicum
806 2517 928 2583 affetum,
1027 2542 1028 2575 ;

184 2590 278 2642 deleliu
289 2589 379 2644 acerbo
388 2591 546 2655 juventutem
557 2590 661 2657 agitavit
667 2611 675 2652 ;
684 2591 839 2660 tandemque,
850 2595 930 2647 omni-
1027 2626 1028 2629 =

183 2669 230 2721 bus
250 2669 275 2717 in
289 2683 346 2718 eum
358 2671 462 2724 tribunis
482 2669 559 2737 plebis
576 2672 678 2736 coortis,
695 2668 738 2721 scu
751 2672 788 2735 vi,
805 2669 846 2729 icu
857 2684 928 2724 vete·

184 2744 274 2798 cundi&
286 2745 373 2809 viiius',
390 2747 510 2798 <liliatum
520 2743 592 2796 abiit.

217 2825 265 2872 IV.
283 2823 370 2886 Neque
381 2839 412 2872 co
424 2824 504 2874 mimis
513 2824 636 2894 principio
648 2824 795 2894 insequentis
806 2827 873 2890 anni,
889 2829 926 2894 Q.
1026 2866 1027 2911 ,

183 2893 288 2952 Servilio
308 2897 395 2960 Abali,
418 2900 450 2948 L.
472 2899 588 2950 Genucio
608 2900 757 2964 consulibus,
784 2899 836 2952 diet
850 2905 938 2956 Mao.

183 2976 218 3028 lio
237 2974 328 3028 dicitur
351 2976 424 3026 iM.
448 2975 590 3043 Pomponio
612 2977 714 3032 tribttno
729 2975 819 3046 plebis.
848 2982 923 3032 Acer-

237 3045 240 3054 '
861 3055 924 3108 bitae
1025 3096 1026 3133 ,
