2117 3642
318 256 571 317 utuntur.
774 268 821 325 ψ’

59 340 180 399 nonium
191 361 279 415 agnum
290 347 378 400 infesto
388 349 485 415 agmine
496 341 687 418 populabundus
693 348 756 419 isset,
765 366 823 406 cum

61 422 169 489 ingenti
179 426 252 477 laude
252 425 393 494 pradaque
404 430 511 477 Romam
524 426 607 477 rediit.

101 506 153 553 1v
173 502 360 555 consuleainde
373 509 405 553 Α.
423 504 561 555 Postumius
574 504 660 569 Albus,
678 509 719 573 Sp.
733 505 824 559 Furius

61 578 157 630 rusus.
195 580 282 631 Furios
296 580 379 631 Fusros
389 579 506 647 scripsere
516 580 626 646 quidam.
649 580 675 631 id
687 581 822 651 admoneo,

61 644 97 706 ne
107 657 165 723 quis
176 658 379 711 immutationem
395 658 510 708 virorum
518 658 629 725 ipsorum
640 656 695 721 esse,
712 672 765 725 quae
773 674 822 711 no·

62 734 221 801 minumesi,
238 745 317 804 putet.
352 735 427 787 Haud
440 735 617 813 dubiumerat,
634 734 762 799 quintum
777 739 822 787 Ε-

65 811 124 876 quis
141 812 205 862 aiter
216 811 344 869 consulum
360 812 452 863 bellum
464 822 569 877 gereret.
603 814 692 881 Itaque
703 812 778 876 AEqui
789 812 823 865 ab

66 887 199 940 Ecetranis
215 888 312 941 Volscis
324 890 460 959 prandium
470 891 574 958 periere.
599 902 659 955 quo
677 888 764 955 cupidi
776 889 822 939 ob·

67 966 131 1030 lato,
145 967 222 1031 (aden
242 969 356 1018 civitatee
372 970 410 1018 hae
427 979 548 1035 perpetuo
568 970 594 1017 in
615 969 743 1017 Romanos
759 966 824 1021 odio

70 1044 211 1104 certavere)
225 1041 317 1090 bellurn
327 1041 423 1091 summa
439 1044 469 1091 vi
478 1042 618 1108 parabatur.
636 1041 749 1093 sentiunt
759 1044 824 1093 Her·

70 1115 131 1183 uici,
149 1116 176 1165 ἃ
187 1116 324 1183 pradicnnt
334 1117 462 1180 Romanis,
479 1116 769 1183 EcetranumadAEquoe
780 1112 823 1171 rie-

71 1188 148 1242 sciffe.
184 1190 293 1261 suspctta
309 1192 334 1244 ἃ
348 1194 446 1245 colonia
457 1194 563 1245 Antium
579 1194 638 1259 suit,'
652 1194 721 1261 quod
731 1210 823 1260 magna
912 1256 914 1265 y

72 1270 112 1319 vis
124 1272 255 1323 hominrun
267 1272 331 1337 inde,
349 1288 426 1338 quum
437 1272 559 1340 oppidum
573 1282 674 1342 captum
684 1269 751 1334 esset,
760 1288 821 1323 cun·

73 1342 172 1411 sugiss'et
182 1349 214 1399 acl
231 1352 332 1416 AEquos.
358 1348 428 1414 isque
441 1348 512 1398 miles
524 1364 569 1415 per
583 1348 675 1399 bellum
687 1346 821 1414 AEquicurn

72 1424 113 1492 vel
131 1427 262 1478 acerrimus
273 1426 329 1478 suit.
366 1426 503 1495 Compuisrr
519 1424 652 1489 deindein
664 1424 757 1491 oppida
776 1427 821 1475 AE-

72 1500 132 1567 quia,
149 1519 179 1553 ea
189 1503 325 1555 multitudo
340 1502 433 1572 dilapsa
446 1520 525 1570 quum
537 1503 641 1553 Antium
654 1501 761 1566 redisset,
777 1501 821 1554 sui

73 1576 157 1643 sponte
171 1580 225 1645 jam
232 1580 322 1631 infidos
333 1580 435 1631 colonos
446 1581 567 1642 Romanis
576 1579 737 1629 abalienavit.
755 1581 820 1629 Nec·
896 1642 900 1649 Ι

74 1649 131 1703 dum
140 1657 282 1722 mannire,
299 1671 377 1722 quum
390 1654 553 1708 desesiioncm
567 1654 650 1723 parari
666 1653 774 1706 delatum
786 1654 819 1707 ad

74 1728 181 1782 senatum
200 1736 267 1799 essct,
293 1733 380 1784 darum
399 1732 530 1798 negotium
552 1733 586 1781 esi
606 1729 757 1797 consulibus,
779 1740 817 1797 ut,

74 1808 222 1878 principibus
232 1812 337 1863 colonia
351 1814 458 1861 Romam
469 1809 566 1871 excitis,
583 1816 727 1875 quaererent,
744 1807 817 1873 quid·

73 1898 129 1935 nam
133 1884 168 1946 rei
178 1884 245 1938 esset.
252 1889 295 1955 qui
302 1902 379 1953 quum
384 1885 450 1937 haud
459 1883 558 1949 gravari
564 1882 692 1947 venissent,
699 1882 816 1933 introdu-

75 1957 323 2016 ttiarontulibusad
333 1964 444 2013 senatum
460 1964 496 2012 ita
505 1960 683 2029 responderunt
699 1959 730 2009 ad
741 1960 817 2009 inter-
866 2020 888 2031 ..

75 2050 166 2104 rogata,
181 2053 211 2092 ut
222 2042 303 2104 magis
313 2040 424 2107 suspetti,
434 2043 510 2102 quarn
519 2046 649 2100 venerant,
665 2035 818 2085 dirrrittercn·

76 2123 123 2164 tur.
154 2117 251 2165 Belimn
264 2114 321 2166 inde
334 2114 400 2164 haud
414 2112 520 2163 dubium
532 2111 628 2161 haberi.
663 2114 704 2177 sp.
722 2110 819 2176 Furius,

77 2190 200 2243 consulum
215 2192 285 2250 alter.
303 2192 343 2242 cui
360 2207 390 2241 a
402 2187 536 2257 provincia
554 2196 678 2252 evenerat,
694 2185 819 2255 prosettus

78 2268 103 2318 in
113 2270 212 2337 AEquoe,
223 2269 410 2324 Hernicorum
402 2282 498 2333 magro
509 2264 711 2335 populabundum
722 2264 820 2317 hostem
878 2306 885 2313 .

77 2345 181 2410 iuverim
197 2345 342 2422 ignanrsquc
355 2341 530 2409 multitudinis,
546 2345 605 2411 quia
621 2340 750 2433 nusquam.
758 2342 816 2393 uni·

78 2426 142 2477 versa
152 2426 278 2497 conspetta
288 2424 400 2491 suerat,
393 2438 515 2491 rmparcru
531 2422 611 2491 copiis
627 2420 766 2472 exercitum
776 2431 814 2471 tc·
890 2491 895 2499 ¹

79 2522 139 2557 mere
148 2524 234 2576 pugna
253 2504 384 2559 commifir.
418 2504 502 2553 Primo
512 2500 634 2554 concursu
648 2498 730 2569 pulsus
746 2498 794 2549 se'
787 2514 815 2551 ur

80 2586 254 2655 castrarecepir.
288 2598 368 2650 neque
383 2584 405 2633 ir
418 2581 477 2641 sinit
493 2578 596 2649 periculi
615 2577 673 2631 suit
706 2590 815 2643 namque

80 2661 220 2732 &proximi
233 2661 305 2716 nosie
324 2660 461 2729 &postero
474 2660 514 2709 die
534 2656 603 2707 tanti
620 2656 648 2705 vi
663 2654 738 2704 eastra
757 2652 814 2703 sunt

81 2740 219 2794 circtnnseffa
240 2751 315 2807 atque
331 2747 481 2807 oppugnata,
497 2745 527 2786 ut
545 2748 577 2784 ne
593 2731 697 2783 nuncius
713 2728 813 2797 quidem

81 2819 132 2869 iude
145 2823 206 2872 mitti
222 2822 331 2871 Romam
343 2813 433 2884 posset.
467 2812 578 2876 Hernici,
596 2810 622 2860 ἃ
637 2809 701 2861 male
716 2824 813 2877 pugna·

82 2906 137 2962 tum,
158 2899 181 2950 ir
198 2894 325 2949 consulem
342 2892 528 2957 exercimmquc
547 2849 661 2951 ossfideri,
677 2886 819 2945 nunciave-¹

84 2985 142 3024 runt.
157 2985 298 3038 tantumque
308 2981 429 3021 terrorem
438 2968 557 3029 incussere
568 2964 687 3029 Patribus,
702 2975 731 3015 ut
747 2967 821 3029 (quau

83 3046 358 3106 temesmuteorturi
370 3046 463 3103 utrina
472 3043 568 3116 suuper
585 3040 729 3099 necesitatir
739 3039 813 3167 habtii
