2117 3642
126 235 131 242 ·
212 185 250 276 no
437 209 505 282 n.
539 231 715 292 nrvrr‘

211 311 344 381 avocasset,
350 314 505 385 posteaquam
511 323 623 393 jurenee,
632 331 768 398 perpetrati
776 333 848 401 cade,
855 347 961 404 pergere

212 390 244 450 ad
263 393 287 441 se
305 394 450 456 gratulantes
462 398 534 463 vidit,
551 408 677 473 extemplo
694 410 817 460 advocato
837 416 957 478 concilio,

210 463 300 518 scelera
310 470 336 520 in
346 469 371 519 se
381 470 468 538 fratris,
486 477 606 542 originem
616 495 743 551 nepotum,
754 496 782 536 ut
793 489 876 552 geniti,
887 501 917 538 ut
927 506 955 538 e·

208 541 302 610 ducati,
312 555 340 596 ut
348 550 440 611 cogniti
450 551 533 618 essent,
544 557 634 608 caedem
642 559 754 630 deinceps
762 566 869 629 tyranni,
878 565 957 631 seque

208 619 262 682 'ejus
272 621 396 673 aussorem
409 625 520 679 ostendit.
554 634 670 699 Juvenes‚
682 652 726 703 per
732 640 838 688 mediam
849 643 952 692 concio-

208 713 266 750 nem
276 705 373 768 agmine
383 707 484 774 ingressi,
494 727 571 776 quum
580 727 656 765 avum
668 731 750 780 regem
759 717 903 785 salutassent,
915 722 954 770 se·

207 781 266 832 'eura
277 799 309 834 ex
325 789 393 837 omni
409 791 567 843 multitudiue
579 796 732 846 consentiens
743 813 797 846 vox
813 811 893 850 rarum
904 818 952 855 no·

205 871 264 908 men
280 861 458 931 imperiumque
477 869 528 932 regi
545 870 632 920 effecit.
667 875 705 921 Ita
716 875 842 925 Numitori
853 877 951 927 Albana

204 935 317 1000 permisis
327 954 361 1002 re,
379 943 513 994 Romulum
525 947 679 1012 Remumque
690 949 780 1015 cupido
792 953 864 1018 cepit,
882 953 907 1001 in
919 955 951 1003 iia

204 1011 273 1075 socie,
285 1013 328 1062 ubi
337 1013 448 1083 expositi,
460 1019 553 1085 ubique
563 1021 659 1089 educati
670 1036 746 1087 crant,
762 1025 830 1076 urbis
841 1028 948 1078 conden-
991 1050 993 1052 ·

201 1087 249 1138 dae.
268 1091 293 1142 a
304 1093 426 1160 supererat
433 1097 566 1147 multitudo
578 1099 731 1154 Albanorum
742 1104 947 1171 Latinorumque.

202 1165 235 1217 'ad
251 1168 396 1236 idpaslores
416 1187 515 1236 quoque
531 1177 693 1224 accesserant:
713 1180 756 1242 qui
775 1195 860 1228 omnen
876 1181 947 1232 sacile

201 1245 271 1312 spem
282 1245 397 1310 facerent,
406 1262 508 1311 parvam
519 1249 617 1311 Albam,
627 1267 732 1316 parvum
742 1256 884 1319 Lavinium,
896 1274 947 1324 prae

203 1331 232 1366 ea
245 1319 307 1368 urbe
321 1335 374 1385 quae
389 1319 541 1382 conderetur,
556 1321 617 1371 sore.
652 1327 789 1376 Intervenit
805 1329 891 1378 deinde
908 1335 946 1382 liis

191 1395 393 1460 cogitationibus
403 1395 499 1445 avitum
509 1398 685 1464 malum,regni
695 1402 794 1468 cupido,
803 1416 876 1471 atque
887 1408 945 1458 inde

200 1471 294 1526 foedum
304 1483 425 1522 certamen
434 1472 634 1524 coortumasatis
642 1477 697 1525 miti
706 1479 836 1545 principio.
871 1486 943 1547 Quo-
985 1511 988 1517 ‚

200 1552 269 1602 niam
292 1554 381 1617 gemini
401 1551 482 1616 essent,
502 1567 547 1602 nec
563 1556 642 1604 aetatis
654 1558 801 1608 verecundia
813 1561 942 1632 discrimen

198 1629 281 1682 iacere
292 1632 377 1700 posset,
388 1643 416 1681 ut
427 1633 481 1696 Dii,
492 1646 599 1698 quorum
608 1636 690 1684 tutelae
700 1652 728 1684 ea
739 1637 793 1688 loca
804 1638 885 1704 essent,
897 1658 941 1693 au-

198 1709 276 1772 guriis
287 1710 402 1774 legerent,
414 1707 456 1775 qui
467 1727 557 1760 nomen
565 1727 638 1761 novae
646 1714 701 1762 urbi
713 1712 789 1779 daret,
801 1719 844 1781 qui
856 1721 939 1774 condi,

133 1799 138 1802 ·
199 1797 251 1835 tam
265 1787 369 1854 imperio
386 1798 487 1852 regeret.
523 1789 642 1838 Palatium
654 1793 781 1856 Romulus,
802 1797 894 1846 Remus
904 1802 938 1846 A·

197 1868 329 1918 ventinum
340 1868 369 1917 ad
378 1867 572 1932 inaugurandum
582 1871 673 1936 templa
684 1872 792 1937 capiunt.
897 1947 901 1951 Ι

231 1947 292 1994 VII.
319 1946 397 1994 Priori
420 1949 499 1995 Remo
521 1949 650 2010 augurium
667 1947 759 1998 venisse
787 1949 871 2013 fertur,
897 1950 941 2002 sex

195 2020 327 2071 vultures:
348 2022 457 2087 jamque,
479 2024 596 2073 nunciato
614 2025 727 2089 augurio,
753 2041 829 2091 quum
847 2028 940 2094 duplex

195 2113 310 2148 numerus
326 2099 434 2148 Romulo
449 2097 473 2148 se
490 2097 632 2164 ostendisset,
649 2112 781 2167 utrumque
795 2119 878 2166 regem
896 2105 940 2155 sua

193 2177 327 2227 multitudo
344 2175 547 2226 consalutaverat.
571 2182 693 2243 ’tempore
711 2180 746 2228 illi
765 2191 897 2247 praecepto,
912 2194 939 2233 at

195 2255 220 2304 hi
233 2270 335 2303 numero
350 2255 444 2312 avium,
462 2268 564 2313 regnum
579 2257 716 2301 trahebant.
751 2257 819 2316 Inde,
836 2273 893 2306 cum
903 2262 937 2308 al-

194 2332 329 2379 ter'catione
340 2327 464 2392 congress,
484 2329 615 2375 certamine
629 2331 721 2377 irarum
736 2329 767 2377 ad
780 2331 869 2380 cadem
881 2350 937 2386 ver.

194 2395 288 2452 tun'tur.
323 2404 357 2451 ibl
375 2402 401 2449 in
418 2401 489 2450 turba
502 2400 562 2449 illus
573 2405 664 2451 Remus
676 2402 771 2453 cecidit.
806 2408 937 2472 vulgatior

193 2480 260 2531 sama
271 2481 311 2544 eti,
320 2480 426 2529 ludibrio
437 2478 516 2528 fratris
528 2483 633 2530 Remum
641 2497 722 2531 novos
733 2485 871 2535 transiluisse
880 2504 935 2537 mu·

192 2572 252 2608 ros:
273 2556 328 2606 inde
343 2558 375 2606 ab
390 2558 453 2606 irato
468 2558 576 2608 Romulo
595 2559 682 2627 (quum
695 2561 777 2611 verbis
787 2579 886 2629 quoque
896 2567 934 2617 in·-

192 2625 313 2702 crepitans
325 2633 452 2698 adjecisset,
463 2636 499 2682 Sic
509 2635 588 2698 deinde,
600 2638 708 2702 quintaque
715 2639 767 2688 alius
775 2642 874 2706 tranfilict
885 2661 936 2694 me·

191 2711 227 2761 nia
237 2718 292 2778 ntea)
304 2712 465 2762 interfestum.
500 2715 538 2761 Ita
547 2711 611 2762 solus
622 2714 713 2779 potitus
724 2716 829 2783 imperio
838 2723 931 2770 Romu-

191 2791 241 2848 lus;
261 2789 359 2837 condita
369 2789 426 2837 urbs
439 2777 580 2838 conditoris‘
589 2791 688 2839 nomine
700 2794 828 2859 appellata.
864 2797 931 2846 Pala-

190 2865 254 2915 rlurn
267 2865 382 2930 primum,
399 2865 485 2929 inquo
498 2865 548 2932 ipse
567 2879 619 2917 erat
635 2867 757 2934 educatus,
773 2872 877 2922 muniit:
894 2873 930 2922 sa-

190 2955 231 2989 cra
241 2942 296 2990 Diis
304 2943 356 2990 aliis
365 2941 461 2990 Albano
472 2943 521 2991 ritu
533 2948 643 3009 ;Graeco,
653 2949 760 3010 Herculi,
768 2960 797 2997 ut
808 2951 838 2999 ab
847 2953 930 3000 Evan-
942 3012 946 3018 ι

189 3014 235 3068 ‹tro
244 3017 351 3068 instituta
361 3027 436 3085 erant,
453 3017 521 3072 iacit.
554 3023 685 3078 Herculem
696 3025 723 3076 in
733 3039 762 3074 ea
772 3025 835 3093 loca,
847 3022 929 3092 Gery-

882 3117 931 3158 ΟΜ
