2117 3642
173 175 237 240 ‘344
428 177 481 230 ·T.
516 177 675 230 Lrvrt

182 277 269 328 unum,
287 273 331 314 aut
340 279 408 314 arma
420 267 532 332 capiendi
543 266 616 316 datur
624 267 741 334 spatium.
760 281 837 333 quum
849 282 903 336 pro
918 271 952 320 se

170 339 286 406 'quisquc
295 340 421 390 tenderent
431 341 462 391 ad
473 353 565 410 portas,
582 343 600 392 fi
613 344 661 409 qua
676 343 741 392 sorte
752 342 777 394 se
788 344 813 393 in
825 361 909 409 agros
919 362 951 395 ο-

181 419 258 482 jicerc
273 417 374 485 pollent,
392 421 483 470 clausas
500 421 536 483 (id
551 418 620 470 ‘enirn
635 423 743 489 primum
760 423 865 474 dillator
888 425 949 474 im-

170 497 323 562 ·pcraverat)
341 511 424 564 portas
443 499 584 548 inveniunt.
619 499 681 549 Inde
694 500 737 549 alii
753 515 820 550 arma
834 517 951 568 capere,

182 572 233 634 alil,
251 587 313 636 quos
323 572 387 622 forte
396 586 502 624 armatos
514 575 633 624 tumultus
642 563 816 642 occupaverat,
835 592 947 627 convo·

182 663 239 700 care
251 649 314 713 suos,
332 663 360 700 ut
375 653 485 719 proelium
499 653 598 702 inirent.
616 653 684 718 quod
698 654 828 703 accensum
839 654 872 703 ab
891 653 947 718 ἀι,

168 723 322 794 'speratione
331 729 436 780 hostium
445 729 540 792 suiffet3
556 730 582 780 ni
591 746 723 798 praeconee‚
740 747 785 798 per
794 731 882 781 urbem
897 731 943 782 di-

169 805 253 869 'milsu
272 809 331 874 poni
349 824 426 872 arma,
444 809 469 858 Bt
486 811 554 875 parci
569 811 657 858 inermi
671 807 794 873 jussissent,
812 827 858 860 nec
869 827 943 877 prae·

185 893 223 932 ter
235 895 341 934 armatos
365 898 504 950 quenquam
523 886 621 937 violari.
656 889 726 935 Tum
741 888 824 950 etiam,
842 888 946 952 quibu:

183 961 261 1010 animi
273 963 298 1010 iu
309 961 350 1028 spe
365 962 452 1012 ultima
463 962 578 1012 obstinati
590 962 622 1012 ad
636 961 812 1012 decertandum
821 962 940 1027 fuerant,

172 1077 174 1080 .
182 1038 311 1106 postquam
323 1039 379 1089 data
393 1038 445 1108 spes
453 1040 512 1090 vitae
521 1040 562 1105 est,
577 1039 669 1103 jatlare
677 1039 760 1107 parum
769 1055 844 1104 amia,
864 1043 941 1090 iner-

166 1115 291 1181 ¹mesque,
308 1115 379 1182 quod'
393 1118 468 1166 tutius
485 1117 587 1166 fortuna
603 1116 704 1180 lecerat,
721 1116 940 1169 scholis-offerre.

152 1197 277 1258 ··Magna
295 1195 432 1244 multitudo·
443 1196 469 1244 in
486 1195 605 1245 custodiat
624 1193 719 1244 divisa:
736 1193 857 1261 oppidum
872 1208 941 1256 ante

72 1262 97 1284 '⁸
170 1271 281 1323 noctem
292 1273 414 1324 redditum
426 1274 527 1324 Sutrinis
545 1274 694 1323 inviolatum
711 1275 883 1337 integrumque
901 1275 944 1324 ah

184 1351 254 1399 omni
274 1349 343 1400 clade
355 1351 420 1413 belli,
439 1352 566 1416 quianon
585 1350 613 1400 vi
630 1359 738 1417 captam,
755 1348 797 1398 sed
811 1348 941 1405 traditum

167 1428 172 1435 '
184 1443 229 1496 per
240 1427 394 1479 conditiones
403 1429 492 1478 suerat.

167 1511 172 1518 '
217 1509 265 1555 IV.
285 1507 401 1554 Camillus
413 1507 439 1554 in
449 1505 538 1555 urbem
552 1503 706 1572 triumphans
717 1503 796 1568 rediit,
813 1503 888 1554 trium
901 1505 936 1556 fi·

169 1589 173 1596 “
183 1583 236 1633 mul
244 1582 363 1632 bellorum
375 1581 463 1632 vilior.
498 1583 586 1646 Longe
602 1585 721 1649 plurimos
732 1582 844 1649 captivos
854 1597 888 1631 ex
898 1585 935 1634 E-

166 1656 269 1709 'trulcis
280 1668 336 1707 ante
352 1651 451 1709 eurtum
463 1657 546 1708 duxit.
565 1660 653 1725 quibus
665 1660 710 1710 sub
721 1659 788 1708 hasla
801 1658 934 1709 venunda-

154 1731 171 1742 “’
183 1737 222 1796 tis,
239 1745 335 1786 tantum
347 1737 399 1785 acris
410 1734 536 1786 rodallum
547 1735 588 1799 cll,
605 1747 642 1799 ut,
652 1737 734 1803 pretio
745 1751 792 1802 pro
802 1749 864 1786 auro
878 1751 935 1786 ma-
1001 1747 1008 1760 ¹

182 1811 260 1864 tronis
278 1811 411 1880 persoluto,
429 1827 462 1862 cx
481 1829 521 1877 eo,
539 1812 607 1879 quod
625 1813 758 1880 supererat,
775 1818 827 1862 trec‘
838 1822 934 1879 patera

167 1891 262 1943 ‘aureae
281 1889 350 1942 salla:
368 1891 430 1941 srut:
449 1903 517 1958 quas,
534 1907 592 1940 cum
606 1891 680 1941 titulo
695 1890 804 1940 nominis
822 1889 931 1954 Camilli,

183 1983 240 2024 ame
254 1970 403 2038 Capitolium
418 1969 545 2019 incensum
555 1967 582 2018 in
600 1969 672 2034 Jovis
688 1967 750 2018 cella
760 1967 857 2017 constat
871 1976 932 2018 unte

169 2059 173 2065 “
183 2051 257 2119 pedes
268 2050 373 2116 Junonis
384 2048 472 2117 politas
482 2046 561 2100 luisse.
585 2050 623 2098 Eo
634 2061 700 2097 anno
711 2047 737 2096 in
749 2045 876 2096 civitatem
886 2059 931 2095 ae·

166 2132 169 2144 '
183 2130 258 2196 cepti,
275 2127 318 2192 qui
335 2129 479 2192 chentium
500 2127 711 2194 Capenatiumque
727 2141 756 2175 ac
778 2124 930 2177 Faliscorum

166 2211 170 2220 '
183 2223 228 2275 per
236 2223 264 2256 ca
272 2205 336 2255 bella
347 2201 530 2269 transfugerant
535 2205 565 2255 ad
577 2208 712 2268 Romanoa,
722 2217 835 2268 agerque
845 2203 874 2252 iis
884 2216 932 2254 no-

170 2286 221 2334 'vis
233 2284 329 2333 civibus
346 2283 483 2346 affignatus.
500 2284 613 2331 revocati
630 2290 730 2347 quoque
747 2282 773 2331 ln
789 2281 875 2330 urbem
891 2277 929 2334 so-

167 2357 369 2409 'natusconsulto'
385 2355 486 2420 achis',
503 2358 546 2422 qui
565 2357 701 2407 aedificandi
719 2359 804 2406 Roma
814 2357 926 2423 pigritia,

167 2437 310 2502 'occupatis
322 2433 362 2484 tbi
382 2435 468 2483 vacuis
487 2433 564 2498 testis,
581 2435 659 2499 Vejoa
676 2435 701 2484 se
720 2433 884 2502 contulerant.
900 2433 929 2486 ἃ

181 2513 264 2580 primo
276 2510 387 2561 fremitus
400 2509 448 2562 suit
463 2510 644 2578 aspernantium
657 2509 805 2576 imperium:
823 2508 875 2557 dics
884 2508 928 2558 de·

168 2589 241 2640 'inde
262 2587 393 2655 praestituta
410 2587 569 2656 capitalisque
584 2602 664 2654 poena,
681 2589 725 2652 qui
739 2603 790 2637 non
802 2586 928 2650 remigras-

167 2665 170 2672 ’
182 2668 218 2718 set
228 2672 341 2731 Romam,
359 2682 391 2717 ex
403 2667 525 2717 ferocibus
543 2664 661 2715 universus
675 2664 789 2729 fingulos,
806 2663 928 2714 ructusuo

182 2758 313 2811 quemque,
331 2743 473 2792 obedientes
484 2743 551 2792 fecit.
573 2745 605 2791 Et
613 2745 694 2792 Rome
704 2755 782 2806 quum
793 2740 929 2806 frequentia

183 2820 298 2882 crescere,
316 2828 370 2868 tum
381 2830 435 2869 tota
454 2818 524 2868 simul
543 2819 674 2882 exsurgere
685 2817 802 2881 adificiis,
819 2818 927 2884 &repu-

182 2898 247 2948 blica
257 2894 375 2960 lmpensas
394 2895 536 2958 adjuvante,
554 2896 579 2946 ἃ
596 2896 706 2945 aedilibue
717 2897 787 2944 velut
802 2895 926 2961 publicum

180 2971 335 3042 exigentibus
355 2985 425 3040 opus,
448 2971 546 3040 &ipsis
561 2972 666 3044 privatis
681 2971 841 3038 (admonebat
860 2972 925 3023 enim
