2117 3642
187 199 239 258 „a
454 198 726 266 murrii

187 286 213 336 io
228 287 278 338 dies
294 285 443 353 miseriaque
461 289 543 354 plebia
557 289 717 349 crescebaat;
733 301 810 353 qttttm
821 303 854 340 eo
874 290 959 358 ipso,

188 367 255 430 quud
269 365 361 416 necesse
375 378 426 416 erat
435 365 508 431 solvi,
526 367 629 416 facultas
639 365 753 416 solvendi
767 368 957 434 impediretur.

188 441 284 510 itaq'ue,
301 460 378 509 quum
386 445 437 508 jam
449 461 482 494 ex
496 460 522 495 re
531 445 593 495 nibil
603 444 754 512 dartpotret,
772 445 838 496 fami
846 447 872 497 u
885 463 958 498 cor·

188 524 366 589 pore,judicati
378 535 453 591 atque
464 524 563 588 additu,
573 524 737 576 creditoribus
747 523 956 590 satisfaciebant,

187 615 307 667 poenaque
316 604 342 652 in
352 605 434 653 vicem
449 603 505 654 fidei
518 602 627 654 cesserat.
661 603 732 654 Adeo
740 619 802 668 ergo
812 603 957 657 obnoxios

187 677 358 730 summiserant
375 683 471 732 animos
488 699 540 732 non
556 681 636 731 infimi
653 680 742 744 solum,
760 680 800 731 sed
817 682 960 750 principes
1030 665 1031 736 i

187 758 263 808 etiarn
272 760 358 826 plebis,
376 771 404 809 ut
415 759 552 810 nonmodb
562 760 599 824 ad·
609 759 762 809 tribunatum
779 759 889 808 miiitum
908 763 954 812 in-
1027 752 1033 805 i

187 847 225 888 ter
236 840 353 904 patricios
372 840 513 906 petendum,
533 839 601 906 quod
618 839 686 889 tanti
697 841 734 902 vi,
750 849 784 887 ut*
793 839 887 902 liceret,
909 852 952 890 te·

188 917 333 979 teuderam
350 918 392 967 sed
410 935 439 967 ne
456 919 487 968 ad
503 920 614 986 plebeios
622 916 723 983 quidem
737 917 892 980 magistratus
903 935 957 970 cam

1032 838 1033 889 i

1033 926 1035 969 i

187 993 313 1062 peffendos
336 995 503 1064 petendosque
517 996 566 1044 ulli
577 997 634 1044 viro
649 996 704 1044 acri.
714 995 903 1061 experientique
918 1014 949 1048 a·
1034 1012 1035 1039 t

187 1073 269 1122 trimus
283 1072 354 1122 esset:
373 1073 588 1141 possessionemque
608 1073 719 1134 honoris,
736 1070 847 1140 usurpati
863 1074 948 1124 morib

187 1151 205 1200 i
223 1149 294 1214 plebe
311 1165 354 1217 per
371 1166 463 1217 paucos
481 1166 567 1214 annos,
584 1147 734 1216 mcuperisse
750 1148 777 1197 in
793 1160 954 1214 perpetuum,

187 1227 271 1276 Patres
284 1227 435 1278 viderentur.
471 1231 510 1278 Ne
522 1228 548 1277 id
561 1226 634 1276 nimia
650 1227 741 1276 latum
749 1227 892 1292 parti-alteri
906 1227 948 1280 es·

187 1301 232 1366 set,
250 1321 330 1372 parva
347 1306 384 1368 (ut
397 1305 540 1373 plerumque
552 1305 623 1370 solet)
639 1318 691 1352 rem
703 1303 829 1367 ingentem
836 1305 947 1355 molium

187 1380 214 1430 di
224 1383 296 1432 causa
306 1385 450 1434 intervenit.
485 1388 523 1433 M.
537 1384 608 1432 Fabii
621 1381 744 1444 Ambusti,
761 1382 870 1447 potentis
883 1382 946 1447 viri,

189 1473 267 1522 quum
282 1461 346 1509 inter
362 1460 397 1510 sui
413 1451 523 1527 corporis
544 1460 665 1520 homines,
683 1469 736 1508 tum
754 1458 873 1508 etiamad
887 1460 947 1525 ple·

187 1537 255 1598 bem,
273 1537 339 1601 qubd
356 1538 547 1602 haudquaquam
569 1537 633 1588 iuter
646 1535 672 1584 id
688 1552 766 1599 genus
784 1547 947 1601 contemptor

186 1605 240 1675 ejui
256 1614 400 1676 habebatur,
418 1613 474 1663 fitia
489 1614 543 1664 duae
558 1625 650 1680 nupta,
668 1618 719 1662 ser,
736 1613 842 1680 Sulpicio
850 1613 945 1680 major,

186 1689 271 1740 minor
285 1694 314 1739 C.
325 1691 424 1742 Licinio
437 1691 534 1742 Stoloni
545 1702 606 1755 erat,
618 1690 821 1756 iiiusiri‘quiiiem
832 1690 889 1742 viro
905 1703 946 1744 ta·

187 1782 246 1818 men
257 1767 370 1835 plebeio:
388 1785 466 1836 eaque
482 1769 534 1837 ipsa
545 1769 648 1820 affinitas
662 1767 730 1818 haud
741 1767 822 1834 spreta
836 1768 945 1832 gratiam

187 1847 268 1898 Fabio
283 1841 315 1898 a'd
327 1849 431 1913 vulgum
445 1847 579 1914 quaesierat.
615 1847 689 1898 Forti
699 1847 735 1896 ita
747 1844 844 1909 incidit,
860 1846 953 1910 utpin·

188 1928 241 1982 ser.
252 1926 352 1993 Sulpicii
362 1926 574 1994 triburiimilitum
582 1924 660 1976 domo
668 1922 764 1974 sorores
773 1922 855 1973 Fabia
864 1939 952 1988 quum²

189 2003 288 2056 iitterse
304 2005 343 2068 (ut
354 2005 392 2070 fit)
409 2004 563 2080 sermoqibur
572 2015 669 2071 tempus
679 2012 794 2068 tererent,
810 2000 944 2056 iiiiorsiri·

188 2083 258 2150 picii,
277 2097 354 2148 quum
367 2085 386 2134 is
397 2084 427 2134 de
439 2085 496 2135 soro
506 2083 531 2135 se
546 2083 648 2133 domum
656 2082 783 2148 reciperet,
799 2079 888 2143 sorem,
905 2083 951 2144 (ut

189 2175 246 2210 mos
261 2162 303 2227 esi)
321 2163 393 2227 virga
405 2173 552 2230 percuteret,
570 2177 648 2228 quum
662 2159 693 2210 ad
702 2158 736 2223 id,
753 2159 831 2212 moria
841 2157 893 2222 ejus
904 2159 944 2210 iu·

132 2277 143 2286 ,
188 2235 269 2300 sueta,
286 2239 423 2304 expavisset
442 2241 525 2290 minor
543 2239 629 2301 Fabia,
648 2237 708 2287 risui
726 2234 805 2286 sorori
822 2235 879 2297 suit,
894 2235 944 2286 mi·

188 2316 253 2364 tanti
266 2317 381 2378 ignorare
395 2317 421 2366 id
436 2315 557 2366 sororem.
593 2320 710 2365 Ceterum
722 2315 744 2364 ia
758 2313 820 2364 risus
833 2312 945 2365 stimulet
961 2312 968 2326 “

185 2392 273 2457 parvis
284 2393 372 2442 mobili
382 2394 454 2443 rebus
462 2396 548 2442 animo
558 2391 809 2444 muliebri'subdidit:
827 2392 944 2456 frequen-

186 2467 224 2518 ut
234 2484 334 2536 quoque
352 2471 553 2538 prosequentium
574 2471 776 2536 rogantiumque,
792 2471 885 2536 uunquid
894 2469 947 2519 vet:

187 2549 243 2598 iet?
260 2552 335 2600 credo
346 2550 501 2606 fortunatum
513 2550 702 2602 matrimonium
710 2550 734 2598 ei
745 2549 836 2600 sororia
846 2547 955 2611 risum3¹

184 2625 278 2692 suique
299 2627 377 2695 ipsam
389 2627 456 2679 malo
473 2629 586 2692 arbitrio,
603 2643 653 2692 quo
670 2632 685 2676 a
702 2627 824 2694 proximis
840 2624 948 2690 quisque

189 2706 292 2755 minimi
307 2705 403 2758 anteiri.
414 2708 477 2770 vult,
504 2706 650 2776 poenituisse.
687 2702 822 2754 Confusam
838 2717 893 2754 eam
909 2717 945 2756 ex

190 2782 285 2831 recenti
296 2783 380 2832 morsu
389 2785 466 2832 animi
478 2799 553 2848 quum
564 2794 633 2848 pater
643 2781 708 2833 sorte
716 2779 821 2842 vidisset,
839 2793 952 2846 percurr-⁴

188 2857 276 2920 uam,
291 2861 359 2926 'satia'
370 2861 462 2925 fialae?
479 2871 635 2910 avertentem
646 2859 745 2910 causam
754 2858 849 2909 doloris
864 2857 946 2924 (quip-

192 2951 225 3004 pe
234 2951 279 2986 nee
296 2935 351 2986 satis
369 2938 436 3003 piam
450 2935 567 2987 adversus
582 2936 701 2999 sororem,
720 2952 764 2986 nec
773 2934 908 2986 admodum
917 2935 954 2986 ia,

192 3015 279 3086 airum
292 3013 466 3080 honorificam)
483 3013 569 3069 cucur
581 3015 687 3072 comitet
698 3011 852 3079 sciscitando,
869 3009 944 3072 utfa-

245 3121 248 3126 .
878 3097 943 3143 irre·
