2117 3642
175 356 226 416 464
434 354 469 405 Τ.
504 354 527 404 L
545 356 558 405 1
577 359 603 406 V
619 358 633 405 1
651 358 665 405 1

173 442 292 505 tulerunt,
308 442 389 507 quieta
409 443 492 491 omnia
512 443 577 508 apud
600 444 688 493 Gallos
708 442 763 494 eise.
798 439 924 493 Samnium

176 532 274 585 quoque
281 521 447 582 jam-alterum
458 535 551 570 annum
562 520 656 569 mebari
669 524 744 571 novis
755 521 859 571 consiliis
872 520 924 570 sus-

175 597 271 663 pesium
283 606 342 643 erat.
361 613 392 645 eo
409 612 442 646 cx
461 612 522 661 agro
541 596 649 647 Sidicino
663 600 788 647 exercitus
798 601 930 647 Romanus

173 672 404 724 nonestdeduttus.
440 678 556 725 Ceterum
574 676 691 724 Samnites
708 675 801 723 bellum
814 676 926 723 Alexan-
1029 669 1030 678 ’

173 748 211 799 dri
224 750 345 816 Epirensis
358 753 382 801 in
396 754 509 802 Lucanos
521 754 606 815 traxit,
623 754 666 818 qui
677 753 728 801 duo
739 753 826 819 popuii
834 752 926 801 adver-

175 826 214 876 sus
225 842 317 891 regem,
335 828 515 877 conscensionem
527 834 541 877 i
551 829 626 879 Paesio
637 830 776 893 facientem,
788 828 861 892 signis
872 829 926 878 coi·

173 905 229 954 latis
244 917 425 971 pugnaverunt.
445 921 475 955 co
493 908 627 956 certamine
646 905 757 973 superior
774 905 925 967 Alexander,

175 982 298 1032 incertum
310 984 357 1048 qud
368 982 416 1032 fide
428 985 545 1046 culturus,
562 984 689 1051 superinde
704 993 784 1032 cetera
799 980 926 1049 proceffis·

174 1061 236 1125 sent,
252 1074 340 1127 pacem
350 1078 406 1110 cum
418 1064 537 1111 Romanis
549 1060 618 1111 fecit.
653 1060 747 1111 Eodem
760 1076 825 1109 anno
837 1059 924 1109 census
1029 1097 1030 1102 ,

173 1137 249 1197 aiios,
266 1138 377 1201 novique
389 1139 456 1185 cives
466 1137 543 1186 censi:
561 1138 640 1186 tribus
657 1147 758 1203 propter
774 1151 817 1185 cos
833 1134 924 1185 addite

173 1212 264 1262 Mucia
282 1212 306 1261 dr
326 1214 437 1279 Scaptia:
456 1210 567 1263 censores
583 1211 730 1262 addiderunt
748 1215 782 1274 Q.
802 1210 923 1259 Publilius

171 1290 253 1353 Philo,
272 1294 311 1355 Sp.
331 1291 474 1340 Postumius.
509 1290 618 1339 Romani
637 1288 842 1349 infirmemur,
867 1287 923 1349 lege

175 1366 207 1418 ab
219 1368 250 1413 L.
262 1364 362 1431 Papirio
379 1374 483 1431 praerore
498 1364 555 1429 lati,
572 1365 622 1429 qui
633 1366 722 1415 civitas
738 1362 788 1413 sone
804 1361 924 1428 strffragio

174 1440 241 1491 data.
274 1445 335 1491 Haec
346 1456 377 1493 eo
388 1458 454 1492 anno
465 1442 535 1492 domi
545 1442 688 1507 militiaque
699 1440 773 1504 gesta.
843 1440 847 1445 '

207 1520 309 1570 xvnt.
327 1520 414 1570 Foedus
428 1520 560 1585 insequens
573 1534 656 1568 annus
664 1518 710 1571 seu
717 1516 860 1582 intemperie
873 1530 923 1568 εω-

173 1594 202 1656 li,
220 1593 261 1642 seu
271 1594 379 1643 humani
398 1595 483 1643 fraude
494 1594 551 1656 fuit,
568 1598 608 1643 M.
622 1592 727 1645 Claudio
742 1591 872 1655 Marcello,
890 1594 922 1643 C.

172 1670 274 1719 Valerio
287 1671 435 1720 consuiibus.
469 1670 585 1719 Elaeeum
595 1670 755 1734 Potitumque
766 1670 835 1721 varic
843 1670 870 1719 in
879 1684 924 1720 an·
1029 1689 1031 1725 ;

171 1744 268 1793 nalibus
286 1758 425 1807 cognomen
442 1742 548 1793 consulis
562 1744 685 1795 invenio:
702 1749 822 1809 ceterum,
838 1746 865 1795 in
882 1759 923 1808 to,

123 1822 139 1831 “
166 1822 247 1889 ¹parvi
258 1820 341 1887 refert,
360 1820 419 1887 quid
426 1824 485 1872 veri
499 1822 538 1873 fir.
557 1822 616 1875 illud
631 1822 753 1889 pervelim
770 1824 924 1885 (aesomnes

173 1898 284 1953 eusiores
296 1899 362 1965 sunt)
378 1900 503 1967 proditum
512 1900 576 1953 saiso
585 1899 641 1963 esse,
658 1902 760 1960 venenis
768 1898 923 1967 absumptos,
936 1910 944 1921 ·

172 1993 281 2043 quor-run
292 1989 358 2029 mors
368 1976 592 2030 immensuratim
604 1976 737 2043 pestilentis
747 1974 842 2025 secerit.
859 1975 923 2025 ficut

173 2054 288 2122 proditur
299 2066 380 2109 temen
393 2064 439 2119 res,
456 2068 487 2105 ne
504 2056 545 2105 eui
556 2053 685 2104 austerum
695 2053 771 2104 fidem
780 2052 923 2116 abrogare·

173 2133 231 2196 rim,
248 2132 396 2198 exponenda
413 2132 454 2183 est.
491 2137 576 2199 Quum
586 2135 708 2199 primores
718 2130 827 2180 civitatis
837 2129 923 2181 simili·

173 2210 220 2263 bus
231 2210 331 2275 morbis,
349 2209 485 2277 eodemque
496 2210 572 2259 scrme
581 2224 665 2260 omnes
675 2221 776 2272 eventu,
793 2223 923 2259 moreren-

174 2287 333 2347 tur-sancino
345 2287 456 2352 quiedam
467 2288 499 2339 ad
512 2290 547 2351 Q.
557 2287 661 2338 Fabium
673 2288 815 2337 Maximum
826 2285 924 2337 aedilem

70 2362 75 2369 '
172 2363 292 2425 curulem,
311 2364 474 2414 indicaturam
493 2362 517 2411 se
534 2362 632 2412 causam
649 2363 753 2429 publicae
764 2363 843 2428 pestis,
861 2378 922 2430 pro-

172 2440 230 2491 fessa
249 2441 290 2501 ess,
307 2439 325 2489 st
341 2441 373 2491 ab
390 2456 421 2489 eo
438 2438 497 2487 fides
515 2438 558 2487 srbi
570 2440 627 2487 data
644 2438 711 2501 esset,
728 2440 793 2489 haud
807 2439 922 2491 sumtum

172 2530 246 2567 uoxae
263 2514 391 2565 indicium.
425 2514 515 2568 Fabius
532 2514 660 2566 confestim
676 2530 728 2563 rem
747 2517 779 2564 ad
800 2516 921 2582 consules,

171 2592 283 2643 eonsules
294 2592 326 2643 ad
337 2591 444 2645 senatmn
455 2592 568 2648 feserunt
574 2608 581 2639 t
599 2590 766 2656 consensuque
778 2594 870 2644 ordinis
889 2594 920 2645 fi-

172 2670 215 2721 des
228 2670 303 2721 indici
314 2669 378 2721 data.
403 2674 472 2719 Tum
483 2668 640 2737 parcissimis,
657 2669 772 2719 muliebri
786 2669 871 2727 fraude
883 2673 920 2721 ci-

171 2748 277 2799 vitatem
295 2749 382 2813 premi,
399 2748 570 2813 matronasque
585 2763 614 2796 ea
628 2762 724 2795 venena
744 2762 867 2811 coquere;
885 2748 922 2813 dr,

171 2824 190 2874 ii
206 2822 274 2887 sequi
290 2824 417 2891 externplo
434 2826 520 2888 velint,
536 2825 664 2877 manifesto
682 2824 830 2891 deprehendi
840 2826 921 2890 posse.

172 2899 253 2953 secuti
266 2897 381 2963 indicem,
398 2902 423 2951 ἃ
442 2913 576 2966 coquentes
595 2899 720 2967 quasdam·
731 2902 923 2968 medicamenta,

172 2978 199 3029 ἃ
210 2974 336 3027 recondita
347 2976 403 3038 alia,
419 2977 576 3029 invenerunt.
595 2978 684 3041 quibus
695 2978 721 3027 in
731 2977 812 3027 sorum
823 2976 923 3044 deletis,

171 3054 199 3104 de
216 3052 249 3103 ad
266 3052 356 3117 viginti
369 3054 494 3115 matronis,
510 3052 579 3119 'apud
595 3070 656 3119 quas
673 3053 822 3121 deprehensa
838 3068 921 3121 erant,

172 3144 217 3199 per
227 3131 451 3195 viatoremeccitit,
468 3130 522 3185 due
539 3146 573 3184 ex
589 3133 630 3200 eis,
649 3134 764 3187 Cornelia
780 3149 809 3184 ac
827 3136 921 3201 Sergii,

804 3211 919 3284 patricie,
