2117 3642
575 156 587 191 Ι

166 288 233 347 'aad
415 272 479 349 ³r.
511 266 670 351 L1v⁴stt

184 382 221 436 sul
235 370 412 461 triumphans'
405 398 430 437 ιιι
445 388 533 437 urbem
550 359 622 451 redit,
641 369 727 439 cloelia
749 384 812 437 duce
822 386 929 439 Volsco·

183 474 240 514 rum
259 473 316 512 ante
335 476 433 513 currum
451 464 531 530 dudo,
559 462 712 533 praelatisque
732 464 822 533 spoliis,
842 467 933 533 quibus

177 534 335 589 'ddartnatum
345 542 482 591 exereitum
494 544 600 593 hoslium
611 542 674 593 sub
664 555 753 608 jugum
766 542 873 601 miserat.
886 536 930 593 Ε-

172 618 281 683 'qu-attin
298 620 366 684 quod
383 620 448 671 haud
463 618 535 671 sacile
554 622 595 685 eil,
614 620 744 685 Quiniliur
763 618 847 670 consul
858 629 929 683 togae

177 704 223 745 tus
234 698 320 744 armati
340 698 444 761 gloriam
456 696 571 787 college:
590 700 649 765 quia
665 692 803 749 eoncordiae
813 696 931 765 pacisque

182 771 340 824 domesticam
358 790 441 825 curam
444 777 522 840 ‚jura
541 775 632 827 infimis
643 770 788 845 summisque
799 774 930 826 moderan-
943 786 946 790 ·

178 850 226 913 do,
243 850 277 901 ita
289 854 376 917 tenuit,
393 865 422 904 ut
433 870 488 903 eum
500 855 525 904 ἃ
537 857 619 906 Patres
630 856 743 906 severum
754 851 886 914 consulem,
902 851 930 902 ἃ

183 930 252 999 plebs
271 929 327 981 satis
340 946 438 982 comem
455 930 611 985 crediderint.
645 936 677 989 Et
691 914 807 984 adversus
817 930 929 981 tribunos

182 1006 328 1059 austeritate
347 1010 425 1078 plura,
450 1016 525 1077 quim
545 1012 686 1076 certamine,
708 1012 796 1061 tenuit.
819 1009 929 1075 quinque

176 1084 330 1151 'consulatum
349 1087 436 1139 eodem
454 1100 542 1140 tenore
561 1083 629 1156 gesti,
646 1092 748 1157 vitaque
762 1088 860 1151 omnis,
867 1098 927 1134 eon·

176 1163 294 1214 'sularlter
304 1166 365 1231 aila,
382 1166 519 1219 verendum
530 1174 593 1237 pene
606 1168 685 1238 ipsum
696 1168 782 1233 magis,
799 1171 873 1231 quam
885 1163 929 1211 ho·

176 1248 277 1308 norem,
305 1243 437 1295 faciebant.
472 1262 502 1297 eo
524 1248 681 1297 tribunorum
698 1243 842 1298 militarium
861 1238 929 1319 nulla

177 1322 276 1373 'm'entio
294 1324 331 1372 his
346 1322 485 1376 consulibus
496 1324 553 1375 suit.
583 1353 592 1363 ι
930 1322 935 1331 ’

166 1400 181 1452 .’
216 1401 264 1450 xt.
285 1400 401 1451 Consules
413 1412 496 1452 creant
505 1404 544 1451 M.
556 1394 660 1451 tamum
672 1399 832 1460 Vlbulanum,
843 1393 929 1445 Postu·-

182 1490 252 1526 mum
264 1476 392 1527 AEbntium
406 1478 570 1528 Cornicinem.
604 1476 693 1525 Fabius
704 1475 729 1524 ἃ
741 1474 855 1523 AEbutlus
866 1487 929 1520 eon·

177 1553 253 1619 sulen,
270 1568 320 1620 quo
339 1554 428 1618 majori
442 1556 526 1619 gloriae
537 1569 628 1617 renun,
642 1551 832 1615 domisorisque
849 1548 928 1613 geila-

175 1630 247 1694 'tum,
264 1630 390 1681 succedere
408 1633 431 1681 se
449 1630 588 1695 cernebant,
605 1631 723 1697 (maxime
736 1638 818 1678 autem
829 1640 929 1674 memo-

176 1708 285 1762 rabilem·
303 1724 395 1763 annum
414 1708 480 1777 apud
496 1708 615 1759 finitimos
632 1708 711 1758 socios
728 1703 854 1769 hostesque
870 1702 929 1767 esl'e,

134 1814 139 1825 ι
175 1778 250 1853 ‘quod
263 1786 409 1839 Ardeatibus
421 1787 446 1836 ln
462 1802 489 1837 re
506 1787 624 1857 precipiti
639 1786 708 1836 tanta
723 1782 789 1834 soret
800 1783 859 1832 curt
869 1780 928 1831 sub:

86 1926 89 1933 Ι
176 1868 296 1929 uentum)
313 1882 343 1918 eo
363 1866 502 1935 impensius,
519 1877 548 1917 ut
567 1865 675 1916 delerent
686 1862 784 1933 prorsus
796 1876 829 1911 ex
840 1859 928 1909 animis

182 1944 312 1995 hominum
332 1944 459 1997 infamiam
478 1943 576 2009 judicii,
604 1940 841 2005 senatusconsultum
862 1938 928 1987 sece'-
954 1970 957 1974 -

155 2064 160 2073 ,
176 2018 255 2083 ιίιιιῐς
270 2034 307 2087 ut,
324 2025 443 2091 quoniam
454 2024 543 2075 civitas
554 2023 699 2074 Ardeatium
711 2020 824 2071 inteslino
836 2015 926 2067 tumul-

182 2099 315 2149 turedalla
326 2099 356 2153 ad
369 2117 460 2169 paucos
471 2100 536 2167 esset,
554 2102 636 2153 coloni
649 2105 679 2149 eo
693 2096 794 2169 praesrdii
800 2110 875 2147 causa
864 2090 928 2143 ad

182 2176 268 2226 versus
288 2178 392 2229 Volscos
412 2180 583 2229 scriberentur
618 2181 674 2229 Hoc
693 2176 773 2246 palam
787 2171 908 2224 relatum
901 2184 927 2220 m

174 2253 286 2315 tabulas,
303 2265 332 2304 ut
350 2256 447 2320 plebem
459 2256 619 2319 tribunosque
630 2255 723 2304 salleret
738 2253 825 2317 judicii
838 2247 927 2299 resem-

176 2329 256 2379 'dendl
269 2328 395 2381 consilium
406 2332 505 2378 initum.
527 2331 705 2383 consenserant
715 2344 806 2395 autem,
817 2340 854 2394 ut,
864 2327 928 2377 mul'·
976 2357 992 2387 ι,

182 2416 210 2454 to
221 2405 315 2468 majore
334 2417 402 2472 parte
413 2407 563 2457 Rutulorum
578 2408 732 2474 colonorum,
749 2414 823 2477 quam
835 2410 927 2456 Roma·

182 2496 281 2545 norum,
298 2480 395 2550 scripti,
413 2496 458 2531 nec
469 2496 528 2547 ager
536 2482 599 2533 unus
607 2482 767 2549 divideretur,
784 2484 828 2536 nisi
839 2484 867 2546 is,
884 2483 929 2549 qui

130 2587 133 2594 ·
183 2561 331 2628 interceptus
339 2560 436 2626 judicio
447 2558 534 2610 infami
545 2570 610 2623 erat3
621 2577 666 2612 nee
677 2564 721 2614 ulli
732 2566 801 2632 prius
812 2567 934 2614 Romano

179 2638 227 2701 ibi,
244 2642 318 2704 quim
329 2638 443 2688 omnibus
461 2636 559 2687 Rutulis
569 2636 661 2688 divisus
672 2638 738 2703 esset,
755 2639 827 2704 gleba
840 2638 891 2689 ulla
901 2652 928 2687 a·

181 2714 220 2779 gri
232 2712 395 2778 aslignaretur.
425 2712 463 2763 Sic
474 2728 533 2778 ager
542 2712 574 2762 ad
586 2713 703 2763 Ardeates
713 2714 795 2764 rediit.
824 2714 930 2762 Trium·

180 2790 233 2839 riri
242 2789 274 2839 ad
292 2790 415 2841 colomam
428 2789 535 2843 Ardeam
546 2788 714 2841 deducendam
728 2790 802 2840 creati
815 2788 929 2855 Agrippa
1007 2802 1011 2809 ·

181 2867 322 2928 Menenius,
335 2870 370 2915 T.
384 2866 481 2916 Cloeliue
497 2866 597 2929 Siculus,
609 2870 648 2918 Μ.
661 2867 774 2917 AEbutiue
785 2864 856 2913 Elva.
873 2861 928 2929 qui,

182 2956 227 3011 per
237 2942 338 2992 minime
355 2940 473 3009 populare
484 2942 643 2992 ministerium
657 2958 718 3007 agro
728 2938 870 3005 affignando
886 2938 928 2991 so·

181 3020 234 3082 elia,
253 3035 327 3086 quem
344 3020 450 3087 populus
462 3022 591 3071 Rotnanue
611 3020 681 3069 suum
697 3016 833 3081 judicasset,
850 3032 929 3085 quum

178 3094 280 3176 plebem
288 3094 449 3163 offendissent,
465 3111 498 3149 ue
507 3098 658 3185 primoribus
668 3093 767 3164 quiden
779 3096 879 3147 Petrum
890 3092 929 3144 sa-

1050 3037 1056 3304 l

1038 3331 1054 3611 l
