<?xml version="1.0" encoding="UTF-8"?>
<!DOCTYPE html PUBLIC "-//W3C//DTD XHTML 1.0 Transitional//EN"
    "http://www.w3.org/TR/xhtml1/DTD/xhtml1-transitional.dtd">
<html xmlns="http://www.w3.org/1999/xhtml" xml:lang="en" lang="en">
 <head>
  <title>
</title>
<meta http-equiv="Content-Type" content="text/html;charset=utf-8" />
  <meta name='ocr-system' content='tesseract 3.04.00' />
  <meta name='ocr-capabilities' content='ocr_page ocr_carea ocr_par ocr_line ocrx_word'/>
</head>
<body>
  <div class='ocr_page' id='page_1' title='image "./historiarumabur01livygoog_0188.png"; bbox 0 0 2117 3642; ppageno 0'>
   <div class='ocr_carea' id='block_1_1' title="bbox 176 246 984 2184">
    <p class='ocr_par' dir='ltr' id='par_1_1' title="bbox 176 246 984 2184">
     <span class='ocr_line' id='line_1_1' title="bbox 189 246 666 320; baseline 0.002 -21"><span class='ocrx_word' id='word_1_1' title='bbox 189 246 239 310; x_wconf 75' lang='lat'>176</span> <span class='ocrx_word' id='word_1_2' title='bbox 440 247 477 298; x_wconf 84' lang='grc' dir='ltr'>Τ.</span> <span class='ocrx_word' id='word_1_3' title='bbox 490 252 500 272; x_wconf 83' lang='lat'><em>&#39;</em></span> <span class='ocrx_word' id='word_1_4' title='bbox 511 248 538 320; x_wconf 64' lang='grc' dir='ltr'>Ι,Ι</span> <span class='ocrx_word' id='word_1_5' title='bbox 551 248 565 299; x_wconf 86' lang='lat'>1</span> <span class='ocrx_word' id='word_1_6' title='bbox 579 251 606 299; x_wconf 84' lang='lat' dir='ltr'>v</span> <span class='ocrx_word' id='word_1_7' title='bbox 621 251 666 300; x_wconf 87' lang='lat'>11</span> 
     </span>
     <span class='ocr_line' id='line_1_2' title="bbox 181 332 983 405; baseline 0.007 -20"><span class='ocrx_word' id='word_1_8' title='bbox 181 336 278 403; x_wconf 57' lang='lat' dir='ltr'>⁸tiorum</span> <span class='ocrx_word' id='word_1_9' title='bbox 288 332 425 399; x_wconf 70' lang='lat' dir='ltr'>nullaten,</span> <span class='ocrx_word' id='word_1_10' title='bbox 442 336 467 386; x_wconf 78' lang='lat' dir='ltr'>dt</span> <span class='ocrx_word' id='word_1_11' title='bbox 477 335 621 401; x_wconf 81' lang='lat' dir='ltr'>decemviri,</span> <span class='ocrx_word' id='word_1_12' title='bbox 637 339 679 403; x_wconf 91' lang='lat' dir='ltr'>qui</span> <span class='ocrx_word' id='word_1_13' title='bbox 690 337 770 405; x_wconf 71' lang='lat' dir='ltr'>primi)</span> <span class='ocrx_word' id='word_1_14' title='bbox 779 338 937 392; x_wconf 78' lang='lat' dir='ltr'>tribunicioe·</span> <span class='ocrx_word' id='word_1_15' title='bbox 979 360 983 366; x_wconf 91' lang='lat'>·</span> 
     </span>
     <span class='ocr_line' id='line_1_3' title="bbox 184 411 925 480; baseline 0.011 -21"><span class='ocrx_word' id='word_1_16' title='bbox 184 411 303 475; x_wconf 79' lang='lat' dir='ltr'>homines,</span> <span class='ocrx_word' id='word_1_17' title='bbox 320 413 378 477; x_wconf 88' lang='lat' dir='ltr'>quia</span> <span class='ocrx_word' id='word_1_18' title='bbox 388 412 412 462; x_wconf 89' lang='lat' dir='ltr'>id</span> <span class='ocrx_word' id='word_1_19' title='bbox 424 416 542 480; x_wconf 86' lang='lat' dir='ltr'>populare</span> <span class='ocrx_word' id='word_1_20' title='bbox 552 414 696 477; x_wconf 80' lang='lat' dir='ltr'>habebatur,</span> <span class='ocrx_word' id='word_1_21' title='bbox 706 416 797 464; x_wconf 89' lang='lat' dir='ltr'>circum</span> <span class='ocrx_word' id='word_1_22' title='bbox 808 415 832 465; x_wconf 86' lang='lat' dir='ltr'>se</span> <span class='ocrx_word' id='word_1_23' title='bbox 846 418 925 467; x_wconf 85' lang='lat' dir='ltr'>oslen-</span> 
     </span>
     <span class='ocr_line' id='line_1_4' title="bbox 184 490 984 559; baseline 0.005 -22"><span class='ocrx_word' id='word_1_24' title='bbox 184 497 298 538; x_wconf 84' lang='lat' dir='ltr'>taverant</span> <span class='ocrx_word' id='word_1_25' title='bbox 308 490 395 555; x_wconf 88' lang='lat' dir='ltr'>plebei,</span> <span class='ocrx_word' id='word_1_26' title='bbox 407 493 514 557; x_wconf 86' lang='lat' dir='ltr'>patriciis</span> <span class='ocrx_word' id='word_1_27' title='bbox 522 492 656 555; x_wconf 80' lang='lat' dir='ltr'>juvenibus</span> <span class='ocrx_word' id='word_1_28' title='bbox 667 491 786 559; x_wconf 84' lang='lat' dir='ltr'>sepserant</span> <span class='ocrx_word' id='word_1_29' title='bbox 796 493 880 543; x_wconf 84' lang='lat' dir='ltr'>latera.</span> <span class='ocrx_word' id='word_1_30' title='bbox 898 510 923 541; x_wconf 88' lang='lat' dir='ltr'>e·</span> <span class='ocrx_word' id='word_1_31' title='bbox 974 503 984 517; x_wconf 85' lang='lat'><em>&#39;</em></span> 
     </span>
     <span class='ocr_line' id='line_1_5' title="bbox 183 567 928 633; baseline 0.009 -20"><span class='ocrx_word' id='word_1_32' title='bbox 183 576 256 613; x_wconf 84' lang='lat' dir='ltr'>otum</span> <span class='ocrx_word' id='word_1_33' title='bbox 271 576 376 617; x_wconf 70' lang='lat' dir='ltr'>caterve</span> <span class='ocrx_word' id='word_1_34' title='bbox 388 568 517 617; x_wconf 87' lang='lat' dir='ltr'>tribunalia</span> <span class='ocrx_word' id='word_1_35' title='bbox 530 567 681 617; x_wconf 86' lang='lat' dir='ltr'>obsederant.</span> <span class='ocrx_word' id='word_1_36' title='bbox 715 568 750 615; x_wconf 86' lang='lat' dir='ltr'>Hi</span> <span class='ocrx_word' id='word_1_37' title='bbox 763 567 834 630; x_wconf 87' lang='lat' dir='ltr'>serre,</span> <span class='ocrx_word' id='word_1_38' title='bbox 851 584 928 633; x_wconf 81' lang='lat' dir='ltr'>agere.</span> 
     </span>
     <span class='ocr_line' id='line_1_6' title="bbox 183 641 938 711; baseline 0.009 -22"><span class='ocrx_word' id='word_1_39' title='bbox 183 641 280 708; x_wconf 80' lang='lat' dir='ltr'>plebem</span> <span class='ocrx_word' id='word_1_40' title='bbox 290 644 414 710; x_wconf 85' lang='lat' dir='ltr'>plebisque</span> <span class='ocrx_word' id='word_1_41' title='bbox 425 660 477 707; x_wconf 85' lang='lat' dir='ltr'>res;</span> <span class='ocrx_word' id='word_1_42' title='bbox 489 662 565 711; x_wconf 91' lang='lat' dir='ltr'>quum</span> <span class='ocrx_word' id='word_1_43' title='bbox 575 645 682 709; x_wconf 83' lang='lat' dir='ltr'>fortuna,</span> <span class='ocrx_word' id='word_1_44' title='bbox 693 648 742 710; x_wconf 71' lang='lat' dir='ltr'>qui</span> <span class='ocrx_word' id='word_1_45' title='bbox 752 646 870 711; x_wconf 88' lang='lat' dir='ltr'>quicquid</span> <span class='ocrx_word' id='word_1_46' title='bbox 880 662 938 699; x_wconf 78' lang='lat' dir='ltr'>cu·,</span> 
     </span>
     <span class='ocr_line' id='line_1_7' title="bbox 183 720 923 790; baseline 0.004 -20"><span class='ocrx_word' id='word_1_47' title='bbox 183 722 264 787; x_wconf 78' lang='lat' dir='ltr'>pirum</span> <span class='ocrx_word' id='word_1_48' title='bbox 283 720 354 787; x_wconf 86' lang='lat' dir='ltr'>soret,</span> <span class='ocrx_word' id='word_1_49' title='bbox 368 724 516 790; x_wconf 80' lang='lat' dir='ltr'>potentioris</span> <span class='ocrx_word' id='word_1_50' title='bbox 533 722 598 773; x_wconf 68' lang='lat' dir='ltr'>essct.</span> <span class='ocrx_word' id='word_1_51' title='bbox 621 727 665 773; x_wconf 84' lang='lat' dir='ltr'>-Et</span> <span class='ocrx_word' id='word_1_52' title='bbox 680 724 734 787; x_wconf 90' lang='lat' dir='ltr'>jam</span> <span class='ocrx_word' id='word_1_53' title='bbox 744 740 775 773; x_wconf 87' lang='lat' dir='ltr'>ne</span> <span class='ocrx_word' id='word_1_54' title='bbox 787 735 857 788; x_wconf 82' lang='lat' dir='ltr'>tergo</span> <span class='ocrx_word' id='word_1_55' title='bbox 868 723 923 789; x_wconf 77' lang='lat' dir='ltr'>qui·</span> 
     </span>
     <span class='ocr_line' id='line_1_8' title="bbox 183 796 924 866; baseline 0.005 -19"><span class='ocrx_word' id='word_1_56' title='bbox 183 796 244 847; x_wconf 85' lang='lat' dir='ltr'>dem</span> <span class='ocrx_word' id='word_1_57' title='bbox 250 799 427 851; x_wconf 85' lang='lat' dir='ltr'>abstinebatur:</span> <span class='ocrx_word' id='word_1_58' title='bbox 445 802 521 865; x_wconf 79' lang='lat' dir='ltr'>virgis</span> <span class='ocrx_word' id='word_1_59' title='bbox 538 801 606 865; x_wconf 83' lang='lat' dir='ltr'>caedi,</span> <span class='ocrx_word' id='word_1_60' title='bbox 622 801 665 851; x_wconf 82' lang='lat' dir='ltr'>atii</span> <span class='ocrx_word' id='word_1_61' title='bbox 680 801 757 851; x_wconf 83' lang='lat' dir='ltr'>securi</span> <span class='ocrx_word' id='word_1_62' title='bbox 768 801 871 866; x_wconf 86' lang='lat' dir='ltr'>subjici;</span> <span class='ocrx_word' id='word_1_63' title='bbox 888 801 924 865; x_wconf 75' lang='lat' dir='ltr'>a,</span> 
     </span>
     <span class='ocr_line' id='line_1_9' title="bbox 182 876 925 943; baseline 0 -16"><span class='ocrx_word' id='word_1_64' title='bbox 182 890 214 927; x_wconf 79' lang='lat' dir='ltr'>tte</span> <span class='ocrx_word' id='word_1_65' title='bbox 226 879 330 939; x_wconf 79' lang='lat' dir='ltr'>gratuita</span> <span class='ocrx_word' id='word_1_66' title='bbox 342 879 469 929; x_wconf 83' lang='lat' dir='ltr'>crudelitas</span> <span class='ocrx_word' id='word_1_67' title='bbox 480 878 546 942; x_wconf 89' lang='lat' dir='ltr'>esset,</span> <span class='ocrx_word' id='word_1_68' title='bbox 558 878 681 930; x_wconf 87' lang='lat' dir='ltr'>bonorum</span> <span class='ocrx_word' id='word_1_69' title='bbox 691 878 794 929; x_wconf 82' lang='lat' dir='ltr'>donatio</span> <span class='ocrx_word' id='word_1_70' title='bbox 803 877 869 943; x_wconf 86' lang='lat' dir='ltr'>sequi</span> <span class='ocrx_word' id='word_1_71' title='bbox 878 876 925 927; x_wconf 90' lang='lat' dir='ltr'>do·</span> 
     </span>
     <span class='ocr_line' id='line_1_10' title="bbox 182 952 922 1021; baseline 0.007 -21"><span class='ocrx_word' id='word_1_72' title='bbox 182 952 244 1001; x_wconf 85' lang='lat' dir='ltr'>mini</span> <span class='ocrx_word' id='word_1_73' title='bbox 255 952 409 1021; x_wconf 88' lang='lat' dir='ltr'>supplicium.</span> <span class='ocrx_word' id='word_1_74' title='bbox 443 956 495 1015; x_wconf 61' lang='lat' dir='ltr'>Hic</span> <span class='ocrx_word' id='word_1_75' title='bbox 507 956 619 1007; x_wconf 84' lang='lat' dir='ltr'>mercede</span> <span class='ocrx_word' id='word_1_76' title='bbox 633 957 751 1019; x_wconf 74' lang='lat' dir='ltr'>juventus</span> <span class='ocrx_word' id='word_1_77' title='bbox 766 955 856 1005; x_wconf 74' lang='lat' dir='ltr'>nobilis</span> <span class='ocrx_word' id='word_1_78' title='bbox 866 968 922 1005; x_wconf 78' lang='lat' dir='ltr'>cot·</span> 
     </span>
     <span class='ocr_line' id='line_1_11' title="bbox 176 1030 921 1100; baseline 0.008 -25"><span class='ocrx_word' id='word_1_79' title='bbox 176 1037 263 1100; x_wconf 67' lang='lat' dir='ltr'>rupta,</span> <span class='ocrx_word' id='word_1_80' title='bbox 280 1046 330 1081; x_wconf 91' lang='lat' dir='ltr'>non</span> <span class='ocrx_word' id='word_1_81' title='bbox 344 1033 420 1081; x_wconf 80' lang='lat' dir='ltr'>modo</span> <span class='ocrx_word' id='word_1_82' title='bbox 430 1048 481 1083; x_wconf 89' lang='lat' dir='ltr'>non</span> <span class='ocrx_word' id='word_1_83' title='bbox 496 1032 533 1082; x_wconf 87' lang='lat' dir='ltr'>ire</span> <span class='ocrx_word' id='word_1_84' title='bbox 543 1032 763 1097; x_wconf 72' lang='lat' dir='ltr'>obviiminjuriae,</span> <span class='ocrx_word' id='word_1_85' title='bbox 780 1030 821 1081; x_wconf 84' lang='lat' dir='ltr'>scd</span> <span class='ocrx_word' id='word_1_86' title='bbox 831 1046 921 1098; x_wconf 85' lang='lat' dir='ltr'>propa·</span> 
     </span>
     <span class='ocr_line' id='line_1_12' title="bbox 182 1104 911 1177; baseline -0.001 -18"><span class='ocrx_word' id='word_1_87' title='bbox 182 1104 232 1159; x_wconf 77' lang='lat' dir='ltr'>lam</span> <span class='ocrx_word' id='word_1_88' title='bbox 245 1107 368 1159; x_wconf 77' lang='lat' dir='ltr'>licentiam</span> <span class='ocrx_word' id='word_1_89' title='bbox 379 1110 446 1161; x_wconf 88' lang='lat' dir='ltr'>suam</span> <span class='ocrx_word' id='word_1_90' title='bbox 457 1112 538 1173; x_wconf 81' lang='lat' dir='ltr'>malle,</span> <span class='ocrx_word' id='word_1_91' title='bbox 555 1117 630 1177; x_wconf 69' lang='lat' dir='ltr'>qnam</span> <span class='ocrx_word' id='word_1_92' title='bbox 643 1111 755 1161; x_wconf 85' lang='lat' dir='ltr'>omnium</span> <span class='ocrx_word' id='word_1_93' title='bbox 764 1110 911 1167; x_wconf 84' lang='lat' dir='ltr'>libertatem.</span> 
     </span>
     <span class='ocr_line' id='line_1_13' title="bbox 217 1184 929 1251; baseline 0.006 -18"><span class='ocrx_word' id='word_1_94' title='bbox 217 1188 368 1235; x_wconf 82' lang='lat' dir='ltr'>XXXVIII.</span> <span class='ocrx_word' id='word_1_95' title='bbox 386 1189 443 1237; x_wconf 87' lang='lat' dir='ltr'>Idus</span> <span class='ocrx_word' id='word_1_96' title='bbox 461 1190 536 1237; x_wconf 84' lang='lat' dir='ltr'>Maiae</span> <span class='ocrx_word' id='word_1_97' title='bbox 556 1203 655 1237; x_wconf 86' lang='lat' dir='ltr'>venere.</span> <span class='ocrx_word' id='word_1_98' title='bbox 689 1187 768 1237; x_wconf 66' lang='lat' dir='ltr'>Nullis</span> <span class='ocrx_word' id='word_1_99' title='bbox 787 1184 929 1251; x_wconf 68' lang='lat' dir='ltr'>subrogatis-</span> 
     </span>
     <span class='ocr_line' id='line_1_14' title="bbox 182 1262 927 1332; baseline 0.003 -21"><span class='ocrx_word' id='word_1_100' title='bbox 182 1262 368 1329; x_wconf 81' lang='lat' dir='ltr'>magistratibus,</span> <span class='ocrx_word' id='word_1_101' title='bbox 393 1266 484 1332; x_wconf 89' lang='lat' dir='ltr'>privati</span> <span class='ocrx_word' id='word_1_102' title='bbox 505 1280 551 1331; x_wconf 88' lang='lat' dir='ltr'>pro</span> <span class='ocrx_word' id='word_1_103' title='bbox 570 1264 723 1326; x_wconf 77' lang='lat' dir='ltr'>decemviris,</span> <span class='ocrx_word' id='word_1_104' title='bbox 739 1276 818 1329; x_wconf 78' lang='lat' dir='ltr'>neque</span> <span class='ocrx_word' id='word_1_105' title='bbox 836 1265 927 1313; x_wconf 72' lang='lat' dir='ltr'>anuuit</span> 
     </span>
     <span class='ocr_line' id='line_1_15' title="bbox 182 1338 924 1408; baseline 0 -16"><span class='ocrx_word' id='word_1_106' title='bbox 182 1338 213 1392; x_wconf 84' lang='lat' dir='ltr'>ad</span> <span class='ocrx_word' id='word_1_107' title='bbox 224 1340 354 1407; x_wconf 87' lang='lat' dir='ltr'>imperium</span> <span class='ocrx_word' id='word_1_108' title='bbox 370 1342 529 1391; x_wconf 89' lang='lat' dir='ltr'>inhibendum</span> <span class='ocrx_word' id='word_1_109' title='bbox 548 1341 692 1401; x_wconf 80' lang='lat' dir='ltr'>imminutis,</span> <span class='ocrx_word' id='word_1_110' title='bbox 708 1355 788 1404; x_wconf 87' lang='lat' dir='ltr'>neque</span> <span class='ocrx_word' id='word_1_111' title='bbox 798 1342 831 1391; x_wconf 86' lang='lat' dir='ltr'>ad</span> <span class='ocrx_word' id='word_1_112' title='bbox 846 1342 924 1408; x_wconf 84' lang='lat' dir='ltr'>speci·</span> 
     </span>
     <span class='ocr_line' id='line_1_16' title="bbox 181 1415 972 1485; baseline 0.001 -16"><span class='ocrx_word' id='word_1_113' title='bbox 181 1432 221 1469; x_wconf 76' lang='lat' dir='ltr'>em</span> <span class='ocrx_word' id='word_1_114' title='bbox 234 1418 333 1469; x_wconf 87' lang='lat' dir='ltr'>honoris</span> <span class='ocrx_word' id='word_1_115' title='bbox 344 1419 484 1483; x_wconf 77' lang='lat' dir='ltr'>insignibus,</span> <span class='ocrx_word' id='word_1_116' title='bbox 493 1416 623 1485; x_wconf 85' lang='lat' dir='ltr'>prodeunt.</span> <span class='ocrx_word' id='word_1_117' title='bbox 640 1415 665 1465; x_wconf 90' lang='lat' dir='ltr'>id</span> <span class='ocrx_word' id='word_1_118' title='bbox 676 1420 735 1466; x_wconf 82' lang='lat' dir='ltr'>veto</span> <span class='ocrx_word' id='word_1_119' title='bbox 745 1432 849 1480; x_wconf 80' lang='lat' dir='ltr'>regnum</span> <span class='ocrx_word' id='word_1_120' title='bbox 856 1420 927 1470; x_wconf 83' lang='lat' dir='ltr'>haud</span> <span class='ocrx_word' id='word_1_121' title='bbox 966 1462 972 1469; x_wconf 94' lang='lat'>.</span> 
     </span>
     <span class='ocr_line' id='line_1_17' title="bbox 181 1493 928 1563; baseline 0.003 -20"><span class='ocrx_word' id='word_1_122' title='bbox 181 1494 255 1545; x_wconf 78' lang='lat' dir='ltr'>dubii</span> <span class='ocrx_word' id='word_1_123' title='bbox 267 1496 357 1545; x_wconf 72' lang='lat' dir='ltr'>videri·</span> <span class='ocrx_word' id='word_1_124' title='bbox 389 1496 538 1563; x_wconf 87' lang='lat' dir='ltr'>Deploratur</span> <span class='ocrx_word' id='word_1_125' title='bbox 548 1495 574 1542; x_wconf 88' lang='lat' dir='ltr'>iu</span> <span class='ocrx_word' id='word_1_126' title='bbox 588 1503 733 1559; x_wconf 84' lang='lat' dir='ltr'>perpetuum</span> <span class='ocrx_word' id='word_1_127' title='bbox 744 1493 859 1556; x_wconf 61' lang='lat' dir='ltr'>libertae}</span> <span class='ocrx_word' id='word_1_128' title='bbox 875 1510 928 1545; x_wconf 57' lang='lat' dir='ltr'>nec&gt;</span> 
     </span>
     <span class='ocr_line' id='line_1_18' title="bbox 182 1569 924 1637; baseline 0.004 -17"><span class='ocrx_word' id='word_1_129' title='bbox 182 1571 276 1621; x_wconf 81' lang='lat' dir='ltr'>vindex</span> <span class='ocrx_word' id='word_1_130' title='bbox 293 1572 421 1637; x_wconf 85' lang='lat' dir='ltr'>quisquam</span> <span class='ocrx_word' id='word_1_131' title='bbox 439 1572 536 1635; x_wconf 77' lang='lat' dir='ltr'>exsistit,</span> <span class='ocrx_word' id='word_1_132' title='bbox 559 1581 603 1619; x_wconf 83' lang='lat' dir='ltr'>aut</span> <span class='ocrx_word' id='word_1_133' title='bbox 618 1570 714 1620; x_wconf 74' lang='lat' dir='ltr'>suturtu</span> <span class='ocrx_word' id='word_1_134' title='bbox 732 1569 842 1621; x_wconf 79' lang='lat' dir='ltr'>videtur.</span> <span class='ocrx_word' id='word_1_135' title='bbox 874 1586 924 1623; x_wconf 80' lang='lat' dir='ltr'>nec</span> 
     </span>
     <span class='ocr_line' id='line_1_19' title="bbox 181 1646 928 1717; baseline 0.004 -20"><span class='ocrx_word' id='word_1_136' title='bbox 181 1647 225 1715; x_wconf 86' lang='lat' dir='ltr'>lpfi</span> <span class='ocrx_word' id='word_1_137' title='bbox 236 1646 315 1698; x_wconf 79' lang='lat' dir='ltr'>solum</span> <span class='ocrx_word' id='word_1_138' title='bbox 334 1647 512 1715; x_wconf 79' lang='lat' dir='ltr'>desponderant</span> <span class='ocrx_word' id='word_1_139' title='bbox 527 1648 633 1711; x_wconf 80' lang='lat' dir='ltr'>animos,</span> <span class='ocrx_word' id='word_1_140' title='bbox 650 1648 690 1698; x_wconf 86' lang='lat' dir='ltr'>sed</span> <span class='ocrx_word' id='word_1_141' title='bbox 699 1685 701 1689; x_wconf 84' lang='lat'><em>-</em></span> <span class='ocrx_word' id='word_1_142' title='bbox 710 1649 836 1699; x_wconf 86' lang='lat' dir='ltr'>contemni</span> <span class='ocrx_word' id='word_1_143' title='bbox 846 1653 928 1717; x_wconf 74' lang='lat' dir='ltr'>cepti</span> 
     </span>
     <span class='ocr_line' id='line_1_20' title="bbox 181 1724 922 1796; baseline 0 -19"><span class='ocrx_word' id='word_1_144' title='bbox 181 1738 250 1777; x_wconf 86' lang='lat' dir='ltr'>erant</span> <span class='ocrx_word' id='word_1_145' title='bbox 266 1732 281 1776; x_wconf 73' lang='lat' dir='ltr'>i</span> <span class='ocrx_word' id='word_1_146' title='bbox 299 1726 409 1777; x_wconf 85' lang='lat' dir='ltr'>finitimis</span> <span class='ocrx_word' id='word_1_147' title='bbox 426 1727 537 1796; x_wconf 85' lang='lat' dir='ltr'>populis:</span> <span class='ocrx_word' id='word_1_148' title='bbox 555 1726 735 1793; x_wconf 83' lang='lat' dir='ltr'>imperiumque</span> <span class='ocrx_word' id='word_1_149' title='bbox 750 1724 787 1775; x_wconf 89' lang='lat' dir='ltr'>ibi</span> <span class='ocrx_word' id='word_1_150' title='bbox 804 1726 860 1791; x_wconf 82' lang='lat' dir='ltr'>esse,</span> <span class='ocrx_word' id='word_1_151' title='bbox 876 1728 922 1777; x_wconf 83' lang='lat' dir='ltr'>ubi</span> 
     </span>
     <span class='ocr_line' id='line_1_21' title="bbox 180 1803 920 1871; baseline 0 -16"><span class='ocrx_word' id='word_1_152' title='bbox 180 1816 232 1855; x_wconf 84' lang='lat' dir='ltr'>non</span> <span class='ocrx_word' id='word_1_153' title='bbox 242 1803 300 1855; x_wconf 82' lang='lat' dir='ltr'>effer</span> <span class='ocrx_word' id='word_1_154' title='bbox 315 1805 421 1870; x_wconf 79' lang='lat' dir='ltr'>libertas,</span> <span class='ocrx_word' id='word_1_155' title='bbox 438 1804 637 1871; x_wconf 62' lang='lat' dir='ltr'>indignabantur.</span> <span class='ocrx_word' id='word_1_156' title='bbox 670 1804 753 1853; x_wconf 78' lang='lat' dir='ltr'>Sabini</span> <span class='ocrx_word' id='word_1_157' title='bbox 768 1804 858 1869; x_wconf 69' lang='lat' dir='ltr'>magm</span> <span class='ocrx_word' id='word_1_158' title='bbox 868 1819 920 1855; x_wconf 80' lang='lat' dir='ltr'>ma-</span> 
     </span>
     <span class='ocr_line' id='line_1_22' title="bbox 180 1881 924 1947; baseline -0.003 -13"><span class='ocrx_word' id='word_1_159' title='bbox 180 1896 216 1935; x_wconf 85' lang='lat' dir='ltr'>nu</span> <span class='ocrx_word' id='word_1_160' title='bbox 235 1882 397 1934; x_wconf 72' lang='lat' dir='ltr'>incursionem</span> <span class='ocrx_word' id='word_1_161' title='bbox 415 1884 546 1947; x_wconf 75' lang='lat' dir='ltr'>inagnum</span> <span class='ocrx_word' id='word_1_162' title='bbox 561 1884 701 1931; x_wconf 84' lang='lat' dir='ltr'>Romanum</span> <span class='ocrx_word' id='word_1_163' title='bbox 714 1881 810 1931; x_wconf 82' lang='lat' dir='ltr'>secere:</span> <span class='ocrx_word' id='word_1_164' title='bbox 826 1882 924 1946; x_wconf 67' lang='lat' dir='ltr'>latique,</span> 
     </span>
     <span class='ocr_line' id='line_1_23' title="bbox 180 1959 920 2029; baseline -0.005 -18"><span class='ocrx_word' id='word_1_165' title='bbox 180 1960 302 2029; x_wconf 85' lang='lat' dir='ltr'>populati,</span> <span class='ocrx_word' id='word_1_166' title='bbox 320 1976 396 2027; x_wconf 87' lang='lat' dir='ltr'>quum</span> <span class='ocrx_word' id='word_1_167' title='bbox 413 1961 540 2013; x_wconf 80' lang='lat' dir='ltr'>hominurn</span> <span class='ocrx_word' id='word_1_168' title='bbox 555 1970 629 2025; x_wconf 83' lang='lat' dir='ltr'>atque</span> <span class='ocrx_word' id='word_1_169' title='bbox 639 1959 843 2027; x_wconf 85' lang='lat' dir='ltr'>pecuduminulti</span> <span class='ocrx_word' id='word_1_170' title='bbox 858 1971 920 2025; x_wconf 80' lang='lat' dir='ltr'>prae-</span> 
     </span>
     <span class='ocr_line' id='line_1_24' title="bbox 179 2036 921 2107; baseline -0.005 -16"><span class='ocrx_word' id='word_1_171' title='bbox 179 2040 224 2091; x_wconf 76' lang='lat' dir='ltr'>dan</span> <span class='ocrx_word' id='word_1_172' title='bbox 234 2040 342 2107; x_wconf 80' lang='lat' dir='ltr'>egissent,</span> <span class='ocrx_word' id='word_1_173' title='bbox 357 2051 457 2105; x_wconf 87' lang='lat' dir='ltr'>recepto</span> <span class='ocrx_word' id='word_1_174' title='bbox 467 2038 498 2089; x_wconf 87' lang='lat' dir='ltr'>ad</span> <span class='ocrx_word' id='word_1_175' title='bbox 509 2042 619 2100; x_wconf 70' lang='lat' dir='ltr'>Ermum,</span> <span class='ocrx_word' id='word_1_176' title='bbox 631 2036 697 2103; x_wconf 85' lang='lat' dir='ltr'>quod</span> <span class='ocrx_word' id='word_1_177' title='bbox 709 2036 792 2103; x_wconf 72' lang='lat' dir='ltr'>patim</span> <span class='ocrx_word' id='word_1_178' title='bbox 802 2046 921 2099; x_wconf 68' lang='lat' dir='ltr'>vagantur</span> 
     </span>
     <span class='ocr_line' id='line_1_25' title="bbox 181 2113 921 2184; baseline -0.005 -16"><span class='ocrx_word' id='word_1_179' title='bbox 181 2127 242 2183; x_wconf 85' lang='lat' dir='ltr'>erat,</span> <span class='ocrx_word' id='word_1_180' title='bbox 259 2121 364 2184; x_wconf 81' lang='lat' dir='ltr'>agmine,</span> <span class='ocrx_word' id='word_1_181' title='bbox 376 2119 450 2169; x_wconf 87' lang='lat' dir='ltr'>castra</span> <span class='ocrx_word' id='word_1_182' title='bbox 460 2118 552 2183; x_wconf 83' lang='lat' dir='ltr'>locant,</span> <span class='ocrx_word' id='word_1_183' title='bbox 564 2116 632 2184; x_wconf 83' lang='lat' dir='ltr'>spem</span> <span class='ocrx_word' id='word_1_184' title='bbox 642 2117 668 2166; x_wconf 92' lang='lat' dir='ltr'>in</span> <span class='ocrx_word' id='word_1_185' title='bbox 679 2113 800 2165; x_wconf 78' lang='lat' dir='ltr'>discordia</span> <span class='ocrx_word' id='word_1_186' title='bbox 808 2118 921 2165; x_wconf 65' lang='lat' dir='ltr'>Rouana</span> 
     </span>
    </p>
   </div>
   <div class='ocr_carea' id='block_1_2' title="bbox 181 2192 1057 2263">
    <p class='ocr_par' dir='ltr' id='par_1_2' title="bbox 181 2192 1057 2263">
     <span class='ocr_line' id='line_1_26' title="bbox 181 2192 1057 2263; baseline -0.026 -14"><span class='ocrx_word' id='word_1_187' title='bbox 181 2208 308 2263; x_wconf 76' lang='lat' dir='ltr'>ponentes,</span> <span class='ocrx_word' id='word_1_188' title='bbox 316 2212 372 2248; x_wconf 83' lang='lat' dir='ltr'>eam</span> <span class='ocrx_word' id='word_1_189' title='bbox 382 2192 699 2261; x_wconf 70' lang='lat' dir='ltr'>impedimentomdelestui</span> <span class='ocrx_word' id='word_1_190' title='bbox 708 2194 771 2244; x_wconf 78' lang='lat' dir='ltr'>sore.</span> <span class='ocrx_word' id='word_1_191' title='bbox 789 2196 848 2245; x_wconf 87' lang='lat' dir='ltr'>Non</span> <span class='ocrx_word' id='word_1_192' title='bbox 857 2208 921 2241; x_wconf 74' lang='lat' dir='ltr'>nun.</span> <span class='ocrx_word' id='word_1_193' title='bbox 969 2205 972 2211; x_wconf 76' lang='lat'><em>,</em></span> <span class='ocrx_word' id='word_1_194' title='bbox 1052 2192 1057 2199; x_wconf 87' lang='lat'><strong>·</strong></span> 
     </span>
    </p>
   </div>
   <div class='ocr_carea' id='block_1_3' title="bbox 130 2271 922 2800">
    <p class='ocr_par' dir='ltr' id='par_1_3' title="bbox 130 2271 922 2800">
     <span class='ocr_line' id='line_1_27' title="bbox 180 2271 921 2341; baseline -0.004 -18"><span class='ocrx_word' id='word_1_195' title='bbox 180 2274 313 2338; x_wconf 73' lang='lat' dir='ltr'>cilinium,</span> <span class='ocrx_word' id='word_1_196' title='bbox 330 2274 371 2323; x_wconf 91' lang='lat' dir='ltr'>sed</span> <span class='ocrx_word' id='word_1_197' title='bbox 388 2290 432 2341; x_wconf 87' lang='lat' dir='ltr'>per</span> <span class='ocrx_word' id='word_1_198' title='bbox 450 2275 538 2324; x_wconf 89' lang='lat' dir='ltr'>urbem</span> <span class='ocrx_word' id='word_1_199' title='bbox 553 2274 682 2337; x_wconf 78' lang='lat' dir='ltr'>agrestium</span> <span class='ocrx_word' id='word_1_200' title='bbox 697 2271 758 2336; x_wconf 80' lang='lat' dir='ltr'>suga</span> <span class='ocrx_word' id='word_1_201' title='bbox 767 2271 921 2339; x_wconf 66' lang='lat' dir='ltr'>trepidatiod</span> 
     </span>
     <span class='ocr_line' id='line_1_28' title="bbox 179 2349 921 2417; baseline 0 -16"><span class='ocrx_word' id='word_1_202' title='bbox 179 2365 238 2406; x_wconf 81' lang='lat' dir='ltr'>nem</span> <span class='ocrx_word' id='word_1_203' title='bbox 257 2350 349 2413; x_wconf 87' lang='lat' dir='ltr'>injecit.</span> <span class='ocrx_word' id='word_1_204' title='bbox 384 2352 526 2400; x_wconf 79' lang='lat' dir='ltr'>Decemviri</span> <span class='ocrx_word' id='word_1_205' title='bbox 545 2350 690 2413; x_wconf 85' lang='lat' dir='ltr'>consultant,</span> <span class='ocrx_word' id='word_1_206' title='bbox 707 2350 766 2415; x_wconf 87' lang='lat' dir='ltr'>quid</span> <span class='ocrx_word' id='word_1_207' title='bbox 779 2366 842 2417; x_wconf 79' lang='lat' dir='ltr'>opus</span> <span class='ocrx_word' id='word_1_208' title='bbox 854 2349 921 2401; x_wconf 67' lang='lat' dir='ltr'>sano</span> 
     </span>
     <span class='ocr_line' id='line_1_29' title="bbox 180 2416 918 2494; baseline -0.003 -17"><span class='ocrx_word' id='word_1_209' title='bbox 180 2426 218 2477; x_wconf 77' lang='lat' dir='ltr'>stt.</span> <span class='ocrx_word' id='word_1_210' title='bbox 236 2426 354 2478; x_wconf 81' lang='lat' dir='ltr'>destitutis</span> <span class='ocrx_word' id='word_1_211' title='bbox 370 2426 444 2475; x_wconf 82' lang='lat' dir='ltr'>inter·</span> <span class='ocrx_word' id='word_1_212' title='bbox 453 2429 553 2477; x_wconf 76' lang='lat' dir='ltr'>Patrem</span> <span class='ocrx_word' id='word_1_213' title='bbox 563 2427 590 2479; x_wconf 80' lang='lat' dir='ltr'>dt</span> <span class='ocrx_word' id='word_1_214' title='bbox 600 2428 677 2494; x_wconf 80' lang='lat' dir='ltr'>pleblt</span> <span class='ocrx_word' id='word_1_215' title='bbox 689 2416 749 2477; x_wconf 78' lang='lat' dir='ltr'>odia</span> <span class='ocrx_word' id='word_1_216' title='bbox 763 2428 856 2479; x_wconf 82' lang='lat' dir='ltr'>addidit</span> <span class='ocrx_word' id='word_1_217' title='bbox 869 2437 918 2476; x_wconf 66' lang='lat' dir='ltr'>ocni</span> 
     </span>
     <span class='ocr_line' id='line_1_30' title="bbox 180 2494 921 2573; baseline 0.001 -20"><span class='ocrx_word' id='word_1_218' title='bbox 180 2518 263 2561; x_wconf 79' lang='lat' dir='ltr'>rorem</span> <span class='ocrx_word' id='word_1_219' title='bbox 273 2504 370 2571; x_wconf 85' lang='lat' dir='ltr'>insuper</span> <span class='ocrx_word' id='word_1_220' title='bbox 381 2503 456 2553; x_wconf 82' lang='lat' dir='ltr'>alium</span> <span class='ocrx_word' id='word_1_221' title='bbox 467 2504 576 2555; x_wconf 77' lang='lat' dir='ltr'>fortuna.</span> <span class='ocrx_word' id='word_1_222' title='bbox 611 2506 686 2570; x_wconf 79' lang='lat' dir='ltr'>AEqui</span> <span class='ocrx_word' id='word_1_223' title='bbox 695 2504 744 2554; x_wconf 87' lang='lat' dir='ltr'>alia</span> <span class='ocrx_word' id='word_1_224' title='bbox 755 2494 790 2556; x_wconf 73' lang='lat' dir='ltr'>&#39;er</span> <span class='ocrx_word' id='word_1_225' title='bbox 801 2515 869 2573; x_wconf 79' lang='lat' dir='ltr'>perte</span> <span class='ocrx_word' id='word_1_226' title='bbox 877 2518 921 2554; x_wconf 83' lang='lat' dir='ltr'>ca·</span> 
     </span>
     <span class='ocr_line' id='line_1_31' title="bbox 130 2579 921 2649; baseline -0.001 -16"><span class='ocrx_word' id='word_1_227' title='bbox 130 2582 136 2591; x_wconf 86' lang='lat'><em>&#39;</em></span> <span class='ocrx_word' id='word_1_228' title='bbox 180 2582 229 2641; x_wconf 74' lang='lat' dir='ltr'>dra</span> <span class='ocrx_word' id='word_1_229' title='bbox 240 2581 267 2632; x_wconf 86' lang='lat' dir='ltr'>in</span> <span class='ocrx_word' id='word_1_230' title='bbox 283 2579 372 2646; x_wconf 79' lang='lat' dir='ltr'>Algido</span> <span class='ocrx_word' id='word_1_231' title='bbox 383 2582 479 2633; x_wconf 87' lang='lat' dir='ltr'>locant:</span> <span class='ocrx_word' id='word_1_232' title='bbox 496 2581 720 2649; x_wconf 82' lang='lat' dir='ltr'>depoptrlatumque</span> <span class='ocrx_word' id='word_1_233' title='bbox 730 2582 788 2632; x_wconf 88' lang='lat' dir='ltr'>inde</span> <span class='ocrx_word' id='word_1_234' title='bbox 798 2581 921 2633; x_wconf 76' lang='lat' dir='ltr'>excursio·</span> 
     </span>
     <span class='ocr_line' id='line_1_32' title="bbox 177 2656 921 2725; baseline -0.004 -15"><span class='ocrx_word' id='word_1_235' title='bbox 177 2659 254 2711; x_wconf 56' lang='lat' dir='ltr'>*nibus</span> <span class='ocrx_word' id='word_1_236' title='bbox 268 2658 436 2708; x_wconf 85' lang='lat' dir='ltr'>Tusculanum</span> <span class='ocrx_word' id='word_1_237' title='bbox 452 2672 539 2723; x_wconf 82' lang='lat' dir='ltr'>agrum</span> <span class='ocrx_word' id='word_1_238' title='bbox 549 2657 623 2721; x_wconf 78' lang='lat' dir='ltr'>legati</span> <span class='ocrx_word' id='word_1_239' title='bbox 636 2659 669 2709; x_wconf 88' lang='lat' dir='ltr'>ab</span> <span class='ocrx_word' id='word_1_240' title='bbox 680 2659 800 2722; x_wconf 83' lang='lat' dir='ltr'>Tusculo,</span> <span class='ocrx_word' id='word_1_241' title='bbox 815 2656 921 2725; x_wconf 70' lang='lat' dir='ltr'>prandi-</span> 
     </span>
     <span class='ocr_line' id='line_1_33' title="bbox 179 2732 922 2800; baseline -0.005 -15"><span class='ocrx_word' id='word_1_242' title='bbox 179 2749 225 2785; x_wconf 86' lang='lat' dir='ltr'>um</span> <span class='ocrx_word' id='word_1_243' title='bbox 233 2744 337 2800; x_wconf 77' lang='lat' dir='ltr'>orantes,</span> <span class='ocrx_word' id='word_1_244' title='bbox 354 2735 480 2785; x_wconf 86' lang='lat' dir='ltr'>nunciant.</span> <span class='ocrx_word' id='word_1_245' title='bbox 514 2736 538 2783; x_wconf 86' lang='lat' dir='ltr'>Is</span> <span class='ocrx_word' id='word_1_246' title='bbox 549 2749 630 2799; x_wconf 82' lang='lat' dir='ltr'>pavor</span> <span class='ocrx_word' id='word_1_247' title='bbox 642 2733 749 2799; x_wconf 86' lang='lat' dir='ltr'>perpulit</span> <span class='ocrx_word' id='word_1_248' title='bbox 759 2732 922 2795; x_wconf 74' lang='lat' dir='ltr'>decemviros,</span> 
     </span>
    </p>
   </div>
   <div class='ocr_carea' id='block_1_4' title="bbox 94 2794 922 2873">
    <p class='ocr_par' dir='ltr' id='par_1_4' title="bbox 94 2794 922 2873">
     <span class='ocr_line' id='line_1_34' title="bbox 94 2794 922 2873; baseline -0.007 -11"><span class='ocrx_word' id='word_1_249' title='bbox 94 2794 100 2803; x_wconf 45' lang='lat'><strong><em>⁴</em></strong></span> <span class='ocrx_word' id='word_1_250' title='bbox 180 2822 211 2861; x_wconf 90' lang='lat' dir='ltr'>ut</span> <span class='ocrx_word' id='word_1_251' title='bbox 220 2812 337 2873; x_wconf 83' lang='lat' dir='ltr'>senatum,</span> <span class='ocrx_word' id='word_1_252' title='bbox 354 2810 423 2859; x_wconf 84' lang='lat' dir='ltr'>simul</span> <span class='ocrx_word' id='word_1_253' title='bbox 438 2811 535 2863; x_wconf 80' lang='lat' dir='ltr'>duobua</span> <span class='ocrx_word' id='word_1_254' title='bbox 553 2808 859 2862; x_wconf 78' lang='lat' dir='ltr'>circumstantibusutbem</span> <span class='ocrx_word' id='word_1_255' title='bbox 869 2808 922 2857; x_wconf 85' lang='lat' dir='ltr'>bel·</span> 
     </span>
    </p>
   </div>
   <div class='ocr_carea' id='block_1_5' title="bbox 127 2882 922 3176">
    <p class='ocr_par' dir='ltr' id='par_1_5' title="bbox 127 2882 922 3176">
     <span class='ocr_line' id='line_1_35' title="bbox 180 2882 921 2952; baseline -0.005 -14"><span class='ocrx_word' id='word_1_256' title='bbox 180 2889 218 2951; x_wconf 82' lang='lat' dir='ltr'>lit,</span> <span class='ocrx_word' id='word_1_257' title='bbox 236 2886 396 2937; x_wconf 78' lang='lat' dir='ltr'>consulerent.</span> <span class='ocrx_word' id='word_1_258' title='bbox 422 2890 492 2938; x_wconf 86' lang='lat' dir='ltr'>citari</span> <span class='ocrx_word' id='word_1_259' title='bbox 506 2890 630 2952; x_wconf 87' lang='lat' dir='ltr'>jubentin</span> <span class='ocrx_word' id='word_1_260' title='bbox 643 2889 736 2939; x_wconf 85' lang='lat' dir='ltr'>curiam</span> <span class='ocrx_word' id='word_1_261' title='bbox 748 2889 837 2948; x_wconf 78' lang='lat' dir='ltr'>Patren,</span> <span class='ocrx_word' id='word_1_262' title='bbox 854 2882 921 2935; x_wconf 83' lang='lat' dir='ltr'>haud</span> 
     </span>
     <span class='ocr_line' id='line_1_36' title="bbox 127 2962 922 3031; baseline -0.011 -12"><span class='ocrx_word' id='word_1_263' title='bbox 127 2978 135 2999; x_wconf 70' lang='lat'>⁸</span> <span class='ocrx_word' id='word_1_264' title='bbox 180 2965 268 3031; x_wconf 83' lang='lat' dir='ltr'>ignari,</span> <span class='ocrx_word' id='word_1_265' title='bbox 285 2975 376 3029; x_wconf 89' lang='lat' dir='ltr'>quanta</span> <span class='ocrx_word' id='word_1_266' title='bbox 395 2964 494 3017; x_wconf 72' lang='lat' dir='ltr'>invidie</span> <span class='ocrx_word' id='word_1_267' title='bbox 513 2968 649 3017; x_wconf 85' lang='lat' dir='ltr'>immineret</span> <span class='ocrx_word' id='word_1_268' title='bbox 669 2962 811 3031; x_wconf 76' lang='lat' dir='ltr'>tempestae:</span> <span class='ocrx_word' id='word_1_269' title='bbox 834 2973 922 3012; x_wconf 71' lang='lat' dir='ltr'>omnen</span> 
     </span>
     <span class='ocr_line' id='line_1_37' title="bbox 173 3038 921 3176; baseline -0.003 -77"><span class='ocrx_word' id='word_1_270' title='bbox 173 3043 268 3147; x_wconf 24' lang='lat' dir='ltr'>’tamti</span> <span class='ocrx_word' id='word_1_271' title='bbox 279 3043 331 3111; x_wconf 75' lang='lat' dir='ltr'>agri</span> <span class='ocrx_word' id='word_1_272' title='bbox 341 3042 556 3117; x_wconf 73' lang='lat' dir='ltr'>nencuonnnque</span> <span class='ocrx_word' id='word_1_273' title='bbox 573 3038 921 3176; x_wconf 44' lang='lat' dir='ltr'>imminmtiumcaufoiutpg:</span> 
     </span>
    </p>
   </div>
   <div class='ocr_carea' id='block_1_6' title="bbox 0 0 1064 3642">
    <p class='ocr_par' dir='ltr' id='par_1_6' title="bbox 0 0 1064 3642">
     <span class='ocr_line' id='line_1_38' title="bbox 0 0 1064 3642; baseline 0 1"><span class='ocrx_word' id='word_1_274' title='bbox 0 0 1064 3642; x_wconf 95' lang='lat' dir='ltr'> </span> 
     </span>
    </p>
   </div>
  </div>
 </body>
</html>
