2117 3642
193 183 249 243 324
337 207 340 210 ·
460 185 498 239 Τ.
533 185 691 242 ΗῊῙ

199 268 275 335 spem,
293 269 335 321 sua
347 273 454 339 consilia,
465 279 640 330 communibus
652 279 793 348 deploratis,
810 281 952 351 exsequen-
982 341 986 346 ,

185 354 243 396 tet.
279 349 378 401 Flamen
395 351 494 403 interim
507 355 642 419 Quirinalis
658 359 818 425 virginesque
830 361 951 428 vestales,

198 423 288 474 omissi
299 442 382 478 rerum
399 429 496 481 suarum
516 435 583 497 curi,
600 449 656 500 quae
672 435 799 486 sacrorum
809 437 891 489 secum
911 440 951 492 sc·

196 501 281 565 tenda,
298 519 353 569 quae
370 509 438 572 (quia
449 511 514 560 vires
525 510 557 560 ad
571 513 654 561 omnia
667 511 769 563 serenda
780 514 891 584 deerant)
908 532 949 566 re-

166 652 168 658 .
196 575 330 644 linquenda
348 583 431 648 essent,
449 586 620 652 consultantes,
638 589 733 656 quisve.
746 607 775 641 ea
792 593 860 644 iocus
879 592 951 647 fideii

196 655 361 713 ttss‘ervaturuo
372 665 480 716 custodit
491 665 565 729 esset5
581 670 706 735 optimum
725 669 828 735 ducunt,
845 671 949 722 condita

185 734 223 785 'in
235 735 333 790 doliolis
345 743 432 794 sacello
447 747 566 812 proximo
579 745 672 796 aedibus
682 745 787 798 flaminis
799 749 948 814 Quirinalis,

185 814 242 866 'ubi
254 831 320 868 nunc
333 819 418 889 despui
430 823 518 887 religio
529 821 570 888 est,
587 823 720 874 defodere:
739 836 827 890 cetera,
845 827 910 875 inter
920 827 948 878 se

183 905 272 949 'unere
283 901 383 965 partito,
401 900 483 951 serunt
494 901 537 950 vid
553 917 607 966 quae
618 900 723 951 sublicio
742 914 818 969 ponte
830 901 898 953 ducit
912 896 945 957 ad

185 972 348 1038 'Janicuiutrn
382 980 411 1026 In
431 992 462 1027 eo
482 977 551 1028 clivo
570 993 610 1026 eat
624 993 702 1043 quum
721 979 752 1026 L.
772 979 894 1043 nibinius,
912 980 945 1030 de

182 1047 267 1116 'plebe
279 1053 392 1102 Romana
403 1053 488 1116 homo,
506 1051 676 1119 conspexisset,
694 1051 800 1120 plaustro
810 1054 944 1118 conjugem

184 1132 224 1176 'ite
235 1128 325 1180 liberos
344 1133 436 1181 vehent
453 1132 518 1180 inter
531 1131 767 1194 ceteram'turbam,
784 1145 838 1196 qut
849 1133 944 1183 inutilis

89 1219 93 1228 ·
184 1206 261 1256 bello
272 1207 333 1258 urbe
344 1209 494 1270 excedebat;
511 1207 583 1260 salvo
599 1209 675 1258 etiam
686 1218 740 1260 tunt
754 1207 893 1258 discrimine
903 1211 942 1260 di-

193 1283 310 1335 vinatum
321 1287 531 1353 humanarumque
542 1301 633 1348 retum,
643 1285 806 1352 irreligiosum
818 1297 893 1352 tatus,
903 1287 942 1338 sa·

183 1362 305 1412 ⁴cerciotes
316 1365 429 1432 publicos
439 1364 555 1431 sacraque
567 1364 653 1430 popuii
664 1365 772 1413 Rotnani
782 1363 885 1431 pedibus
895 1365 942 1430 ire,
976 1403 982 1414 .

194 1440 315 1507 ferrique;
333 1443 357 1492 se
373 1459 403 1492 ac
415 1441 470 1493 suos
482 1444 507 1491 in
522 1441 641 1491 vehiculo
652 1439 762 1508 conspici
770 1460 778 1503 ς
794 1440 941 1492 descendent

193 1533 300 1571 uxorem
312 1537 340 1571 ae
350 1537 438 1589 pueros
448 1522 521 1586 jussit,
530 1520 640 1584 virgineo
651 1518 766 1585 sacraque
774 1520 799 1570 in
807 1520 941 1588 plaustrum

104 1623 111 1628 .
192 1597 328 1666 imposuit:
345 1600 371 1652 dt
393 1603 469 1668 Caerc,
486 1602 539 1667 quo
553 1597 602 1648 iter
619 1594 788 1649 sacerdotibus
806 1607 867 1663 etat,
883 1613 940 1666 per»

184 1679 277 1727 texit.
306 1688 308 1696 ’

194 1755 209 1772 ‘
226 1758 297 1806 xm.
316 1759 402 1811 Roma
414 1757 522 1820 interim,
539 1754 596 1805 satis
611 1753 663 1818 jam
674 1753 798 1818 omnibus,
814 1764 844 1805 ut
854 1755 880 1806 in
894 1756 939 1807 tali

184 1849 226 1900 ue,
244 1835 274 1885 ad
286 1835 402 1886 tuendam
414 1851 496 1886 ament
507 1832 657 1901 compositis,
665 1833 738 1884 turba
748 1833 882 1897 seniorum,
891 1833 939 1884 do-

190 1928 244 1964 mos
262 1912 373 1979 regressa,
391 1915 526 1964 adventurn
539 1912 645 1963 hostiurn
654 1911 778 1964 obiiinato
788 1912 820 1962 ad
830 1912 939 1964 mortem

183 1995 275 2044 'animo
286 1993 451 2061 exspectabat.
470 1993 512 2060 qui
526 2006 615 2042 eorum
626 1991 721 2041 curules
732 1989 849 2056 gesserant
858 1993 938 2056 magi-

182 2073 284 2138 'siratun
300 2085 329 2122 ut
341 2075 366 2124 in
377 2073 483 2124 sorttmae
494 2071 599 2140 pristine
615 2072 789 2136 honorumque
799 2080 843 2121 aut
856 2070 937 2120 virtu·

181 2153 221 2202 tis
233 2153 365 2216 insignibus
383 2161 547 2211 morerentur,
564 2165 619 2215 quae
638 2148 801 2212 augustissima
817 2150 889 2198 vcsiis
902 2148 937 2200 cst

185 2229 267 2280 ¹tensas
278 2229 423 2280 ducentibus
432 2225 681 2294 triumphantibusve,
689 2226 806 2276 cavesiiti
812 2227 895 2277 medio
903 2241 936 2277 ε»

183 2307 258 2358 'dium
270 2305 382 2355 eburneis
391 2305 453 2353 sellis
464 2303 565 2353 sedere.⁴
581 2308 642 2353 Sunt
657 2305 710 2370 qui,
724 2305 763 2353 M.
773 2303 853 2356 Fabio
872 2319 936 2372 pon·

188 2383 257 2435 tifiee
267 2384 380 2434 maximo
392 2381 509 2449 praesante
526 2371 633 2445 carmen,
650 2379 778 2434 devovisse
794 2395 838 2432 cot
852 2381 937 2449 septo

84 2514 94 2522 ,
181 2460 269 2534 'patria
281 2457 468 2527 Quiritibusque
479 2461 610 2523 Romanis,
627 2460 734 2511 tradant.
753 2460 828 2524 Galli,
840 2459 865 2510 dt
875 2462 937 2526 quia

182 2539 409 2612 interpofitdnode
426 2546 441 2592 d
455 2541 617 2590 contentione
628 2554 718 2607 pugne
731 2538 872 2589 remiserant
881 2539 936 2590 ani-

179 2627 250 2685 mos,
268 2621 292 2670 dt
304 2617 370 2685 quod
382 2633 427 2668 neo
445 2619 471 2668 in
482 2617 535 2666 acie
545 2616 648 2682 ancipiti
662 2615 766 2682 usquam
781 2625 937 2667 certaverant

186 2700 282 2770 proelio,
299 2711 344 2747 nec
357 2707 409 2747 tunt
422 2697 515 2763 impetu
532 2706 575 2744 ant
585 2695 614 2746 vi
633 2695 764 2761 capiebant
774 2693 870 2759 urbem,
886 2693 937 2764 sinc

179 2775 297 2841 'ita,'s1ne
308 2775 397 2825 ardore
415 2775 557 2824 animorum
567 2771 664 2838 ingneffi
683 2773 781 2840 poliere
796 2771 842 2822 die
848 2772 936 2824 urbem

179 2864 286 2926 'patente
296 2852 392 2901 Coiiind
404 2851 483 2917 porti,
500 2852 526 2899 in
537 2849 620 2901 sorum
631 2851 787 2918 perveniunt,
803 2849 936 2899 circutnfe·¹

184 2941 266 2983 rentes
283 2928 368 2976 oeulos
387 2926 419 2975 ad
436 2926 528 2992 templa
539 2928 622 2979 Deum
637 2921 777 2991 arcemque,
788 2923 865 2974 solam
875 2925 938 2977 belli

185 3008 438 3079 speeientenentetn.
462 3001 531 3070 inde,
547 3003 650 3059 modico
659 3002 746 3056 relide
755 3000 875 3071 prasion,
892 3004 937 3090 (ne

519 3109 524 3114 .
556 3105 564 3115 ,
877 3093 934 3150 qm,
