2117 3642
311 236 316 247 ¹
402 224 570 293 urhun
603 228 642 272 v.
847 236 894 283 305
965 208 968 215 '

149 330 197 381 que
210 316 337 366 continuas
350 313 508 377 circumsessa,
521 307 603 379 *quum
615 313 668 381 plus
679 312 808 378 aliquanto
820 313 896 363 cladi-

147 408 192 443 um
211 391 335 455 intulisset,
361 398 434 458 quum
450 392 589 457 accepisset,
614 392 746 457 postremo,
766 391 821 455 jam
842 390 897 440 sato

148 480 203 541 tum
217 470 322 534 denique
332 480 442 535 urgente,
460 470 679 536 operibnstatnen,
694 484 746 519 non
762 470 801 532 vi,
816 482 897 535 expu-

148 560 224 615 gnata
236 548 278 597 est.

184 628 285 673 XXIII.
303 626 408 691 Romam
427 634 456 672 ut
473 622 619 672 nunciatum
637 621 679 684 est,
705 621 782 683 vejos
802 631 896 688 captor,

147 712 291 768 quanquam
302 704 327 751 8<
339 702 450 769 prodIgia
463 710 595 768 procurata
603 698 709 761 fuerant,
727 699 751 747 u
764 709 849 747 vatum
858 715 895 747 re·
987 699 990 706 '

146 780 244 847 sponsa,
262 782 287 830 ἃ
306 782 417 845 Pytntcae
429 780 506 832 sortes
525 788 591 827 notae
600 796 609 838 5
625 776 660 839 ἃ,
676 787 796 841 quantum
811 776 900 825 huma,

146 859 186 907 nis
198 857 311 920 adjuvari
324 857 428 907 consiliis
443 865 558 923 potuerat
572 870 618 917 res,
635 854 723 903 ducem
734 856 773 905 Μ,
785 853 898 917 Furium,

144 934 289 983 maximum
309 932 486 997 Imperatorum
507 930 628 993 omnium,
653 930 780 993 legerant5
805 937 901 990 tamen,

145 1010 208 1075 quia
219 1020 258 1058 tot
268 1010 337 1059 annis
349 1011 417 1057 varie
425 1009 460 1057 ibi
472 1008 590 1057 bellatum
601 1019 663 1070 erat,
674 1008 805 1071 multaeque
817 1005 897 1056 clades

144 1095 266 1149 accepte,
282 1084 351 1133 velut
360 1098 392 1132 ex
403 1083 528 1149 insperato
543 1082 689 1136 immensum
701 1082 819 1147 gaudium
830 1081 897 1131 suit:

145 1160 192 1220 &‚‘
202 1157 342 1224 priusquam
362 1156 457 1207 senatus
476 1158 625 1221 decerneret,
642 1159 716 1225 plena
732 1158 817 1208 omnia
834 1168 896 1220 tem„
932 1200 935 1214 ,

147 1235 192 1302 pla
204 1222 374 1283 Romanarum
384 1244 500 1297 metrum,
513 1244 593 1297 grates
605 1235 659 1284 Diis
670 1235 805 1300 agentium,
818 1246 900 1290 erant„
957 1276 966 1292 ,

144 1317 250 1367 senatus
259 1311 284 1361 in
292 1310 457 1375 quatriduum,
475 1322 538 1376 quot
551 1310 651 1374 'dierum
667 1312 736 1367 nulio
752 1314 808 1373 ante
822 1305 901 1375 bcIIo,'
986 1316 989 1320 ’

142 1386 337 1453 supplicationes
352 1386 469 1437 decernit.
506 1386 637 1437 Adventus
651 1386 897 1456 quoquedisiatoriq
941 1409 947 1417 ·
977 1449 981 1455 .

143 1463 263 1517 omninus
280 1464 407 1515 ordinibus
425 1464 527 1514 obvihm
545 1464 632 1528 effusis,
650 1465 899 1529 celebratiorsqunm,

141 1543 219 1595 ullius
229 1556 340 1607 unquam
351 1553 424 1591 antea
441 1542 501 1593 suit:
519 1542 707 1609 triumphusque
718 1559 817 1592 omnem
835 1557 896 1592 eon·

141 1619 243 1671 suetum
255 1618 392 1669 honorandi
411 1620 460 1670 dici
477 1620 542 1669 illius
561 1619 665 1669 modum
676 1620 829 1687 aliquantum
850 1633 896 1669 ex·

92 1704 101 1763 ¹.
134 1696 221 1755 „eessit-
255 1696 368 1746 Maxime
380 1694 523 1763 conspesiur
540 1696 592 1761 ipse
608 1696 649 1758 est,
667 1712 741 1746 curru
753 1697 822 1760 equIs
833 1696 899 1747 albin

136 1771 230 1837 juncto
242 1770 328 1821 urbem
340 1771 463 1821 invenus:
476 1788 613 1837 parumque
625 1772 650 1821 id
660 1789 712 1821 non
724 1772 799 1822 civile
810 1767 899 1836 modo,

139 1848 184 1900 sed
196 1848 334 1899 humanum
345 1849 429 1911 etiam,
446 1846 537 1897 visum.
572 1850 644 1911 Jovis
659 1847 769 1913 Solisque
778 1848 847 1912 equis
862 1862 895 1895 ae·

140 1926 270 1990 qquarnri
285 1923 485 1985 ditiatorcmin
500 1924 647 1986 religionem
663 1925 738 1972 etiam
749 1923 905 1989 tmhebantt·

139 2000 333 2064 triumphusque
345 2000 441 2048 obeam
449 2015 524 2049 unam
535 2001 643 2048 maxime
652 2015 704 2049 rem
712 1999 808 2061 clarior,
820 2004 896 2064 quim

139 2074 247 2139 gratior,
264 2073 321 2121 suit.
357 2078 427 2123 Tum
436 2074 529 2139 Junoni
542 2076 632 2136 reginae
643 2073 763 2139 templum
772 2069 797 2123 in
808 2068 899 2123 hren·v

140 2152 199 2202 tino
216 2148 319 2211 locavit,
337 2147 510 2215 dedicavitque
530 2152 635 2200 Matutae
651 2149 734 2199 matri.
755 2161 837 2215 atquc,
856 2149 894 2202 his

141 2224 240 2279 divinis
253 2224 412 2291 humanisque
430 2227 503 2277 rebus
520 2226 600 2290 gestie,
617 2225 736 2276 disiaturh
753 2225 778 2274 se
794 2226 893 2277 abdica·

138 2304 190 2359 vit.
227 2302 276 2365 Api
293 2300 380 2352 deinde
398 2303 428 2353 de
448 2304 572 2371 Apollinis
590 2302 658 2355 dono
675 2314 790 2371 coeptum.
805 2300 892 2362 ‚cuise

141 2380 277 2437 decumam,
289 2378 384 2428 vovisse
396 2382 482 2447 praedae
494 2372 589 2448 partem
602 2397 678 2448 quum
689 2381 782 2434 diceret
799 2380 891 2430 Camil·

138 2456 188 2519 lue,
200 2455 328 2522 pontifices
337 2456 484 2509 solvendum
492 2459 612 2522 religione
621 2457 740 2525 populum
750 2458 876 2506 censerent
882 2477 892 2519 ς

139 2534 208 2587 haud
219 2535 291 2585 facile
302 2537 410 2585 inibatur
424 2538 488 2585 ratio
501 2534 605 2599 jubendi
619 2536 710 2583 referre
727 2534 832 2600 praedam
844 2550 891 2599 po·

140 2614 237 2680 pulum,
255 2624 284 2661 ut
299 2628 332 2663 ex
347 2630 375 2661 en
393 2630 446 2679 pars
461 2614 544 2663 debita
560 2615 588 2665 in
604 2612 699 2663 sacnun
716 2611 890 2661 secerneretur.

140 2690 243 2741 tandem
261 2694 299 2753 eo,
317 2689 383 2754 quod
395 2689 541 2738 Ievissunum
552 2689 692 2755 videbatur,
708 2686 836 2735 decursum
849 2686 891 2751 est,

139 2778 178 2828 ut,
196 2767 239 2832 qui
251 2765 276 2815 se
287 2766 438 2831 domumque
449 2766 568 2829 rcIIgione
577 2765 706 2815 exsolvere
717 2765 799 2826 veliet,
812 2782 894 2830 quum

140 2842 239 2893 sibimet
258 2840 309 2909 ipse
329 2842 436 2909 praedam
448 2842 580 2895 aestimtIIet
596 2842 672 2907 suam,
691 2843 799 2893 decumae
814 2843 889 2910 preti-

140 2932 185 2967 um
197 2919 272 2984 partis
284 2918 309 2966 in
319 2919 445 2985 publicum
455 2916 576 2974 deferret:
594 2930 622 2969 ut
630 2935 663 2971 ex
673 2936 703 2971 eo
713 2920 806 2969 donum
818 2934 889 2967 aure·

123 3007 194 3058 um,
212 2994 316 3063 dignum
323 2992 485 3067 amplitudine
494 2996 579 3071 templi
590 3013 619 3049 ac
628 2998 727 3052 numine
735 2996 792 3059 Dei,
809 3008 842 3043 ex
851 2994 889 3048 di-

397 3080 402 3086 ·
494 3082 522 3103 *
608 3082 611 3088 ·
791 3071 887 3137 gnitate
