2117 3642
410 233 433 285 L
451 234 464 283 1
481 232 502 283 B
518 232 579 281 m
612 232 661 281 lv.
850 243 900 293 ης

152 321 224 373 anisio
241 322 361 386 exercitu,
379 321 405 373 in
422 321 510 371 urbem
523 318 627 382 redisset,
644 318 809 383 nequicquam
822 317 847 366 in
865 315 901 365 so·

154 410 217 449 natu
227 399 260 449 est
272 398 425 464 conquestus.
460 397 552 461 Infigni
563 396 660 459 magnis
673 396 745 445 rebua
755 410 822 446 auno
833 393 903 463 addi7

155 486 204 539 tur,
221 478 282 525 nihil
306 488 359 527 rum
379 474 409 525 ad
431 490 484 525 rem
508 478 647 525 Romanam
667 474 788 538 pertinere
811 470 904 535 visum,

154 553 222 619 quod
242 552 460 616 Karthaginienses,
487 551 550 601 tanti
569 550 648 599 hostes
665 549 753 612 futuri,
775 561 830 599 tum
851 550 902 617 pri·

153 635 224 680 mum
248 647 292 697 per
303 632 432 683 seditiones
450 629 588 685 Siculorum
604 626 636 677 ad
647 627 722 691 partis
738 627 837 677 alterius
857 642 903 678 au·

154 702 244 757 xiiium
256 710 281 759 in
293 709 401 758 Siciliam
412 707 552 757 exercitum
566 701 693 765 trajecere.

188 788 274 835 XXX.
293 788 421 851 Agitatum
433 787 459 835 in
473 783 535 833 urbe
552 781 585 831 ab
596 781 701 831 tribunis
718 778 803 845 plebis,
820 793 849 829 ur
859 782 904 833 tri·

154 862 215 913 buui
231 865 338 913 militum
354 863 477 913 consulari
496 859 615 927 potestate
625 867 782 916 crementum
798 873 844 937 nee
858 859 906 909 ob·

154 942 227 991 tineri
239 943 331 1008 potuit.
367 940 484 991 Consules
502 939 567 989 fluuit
584 941 615 988 L.
629 937 740 1003 Papirius
752 935 854 999 Craffus,
872 939 906 997 L.¹

155 1016 244 1079 Julius.
279 1020 418 1081 AEquorum
435 1016 509 1079 legari
526 1014 605 1069 foedus
615 1014 648 1063 ab
666 1012 752 1063 senatu
763 1018 820 1063 edm
831 1013 905 1080 petisn

156 1091 216 1153 sent,
235 1093 318 1158 &pro
335 1091 426 1143 findere
443 1089 538 1142 deditio
549 1092 718 1154 ostentarem,
737 1090 848 1141 inducias
860 1107 907 1141 an·

155 1184 246 1219 norum
255 1167 313 1219 osto
323 1171 526 1235 impetraverunt.
563 1167 712 1224 Volscorum
722 1183 769 1232 res,
781 1168 853 1234 super
864 1184 905 1218 ac·

155 1256 254 1311 ceptam
265 1246 292 1295 in
301 1244 393 1307 Algido
403 1244 505 1307 elidem,
517 1246 638 1311 pertinaci
648 1246 781 1293 certamine
790 1245 853 1295 inter
861 1260 905 1311 pa·

156 1322 191 1373 cis
204 1322 308 1385 bellique
319 1320 428 1371 austures
440 1322 465 1369 in
474 1321 557 1385 jurgia
568 1322 593 1369 dt
606 1320 736 1372 seditiones
748 1320 827 1371 versa.
852 1325 906 1374 Uir«,

155 1400 230 1466 dique
242 1400 321 1449 otium
340 1398 388 1449 suit
399 1400 527 1449 Romanis.
562 1402 657 1462 Legem
672 1399 703 1448 de
714 1396 861 1447 murcianum
872 1415 906 1449 re.

93 1502 97 1511 ·
153 1477 296 1529 ssimatioue
307 1486 446 1543 pergratam
456 1477 561 1545 populo,
578 1492 657 1541 quum
668 1477 700 1525 ab
709 1476 814 1527 tribunis
824 1479 908 1544 parari

153 1554 266 1607 consuler
277 1554 349 1605 unius
363 1568 397 1605 ex
412 1555 518 1619 collegio
529 1552 842 1622 proditionecxccpiffent,
860 1556 907 1623 ipfi

154 1640 393 1700 preoccupaverunt
409 1629 481 1681 ferre.
516 1630 634 1681 Consuloe
644 1633 677 1682 L.
692 1632 789 1697 Serqim
800 1632 906 1685 Fidenae

108 1768 114 1779 ,
154 1710 254 1773 iterum,
271 1709 505 1761 HosturLucretiur
516 1711 691 1777 Tricipitinus.
718 1711 788 1763 Nihil
800 1711 906 1777 dignum

153 1787 222 1839 dian
238 1786 319 1839 astum
336 1787 374 1837 hia
391 1785 556 1837 considibus..
577 1788 659 1837 secuti
677 1800 721 1836 coc
732 1787 852 1854 consides,
869 1793 906 1841 A.

154 1862 285 1919 cornelius
299 1860 393 1925 Coffus,
410 1865 445 1912 Τ.
459 1860 591 1927 Quinffiuc
605 1864 703 1912 Pennus
717 1862 818 1915 iteum.
852 1869 907 1914 Vc-

150 1938 231 2005 jentes
242 1940 268 1989 io
285 1953 374 2003 agrum
385 1940 526 1989 Romanum
536 1938 692 1989 excursiones
702 1938 822 1991 fecerunt.
856 1942 905 1991 Fa·

71 2060 75 2067 ,
152 2032 195 2072 ma
206 2015 264 2079 suit,
281 2012 399 2079 quosdam
410 2028 443 2063 ex
461 2012 618 2063 Fidenatium
630 2013 763 2075 juventute
772 2018 918 2081 participes
950 2024 955 2031 '

154 2090 208 2153 ejus
220 2088 390 2156 populationis
408 2086 493 2137 suiffe:
513 2088 673 2151 cognitioque
684 2088 737 2151 ejus
754 2091 789 2139 rei
805 2092 837 2141 L.
851 2096 907 2139 Ser-

154 2168 208 2230 gio,
224 2164 250 2213 ἀ
263 2167 297 2226 Q.
309 2160 422 2225 Servilio,
440 2161 466 2213 ἃς
476 2164 557 2211 Mam.
569 2161 672 2211 AEmilio
689 2163 810 2229 permiss'a.
840 2166 905 2229 Qui·

154 2241 213 2291 dam
226 2238 317 2289 Ostiam
328 2236 437 2301 relegati,
454 2234 533 2303 quod,
547 2252 591 2287 cur
600 2252 646 2305 per
655 2253 698 2288 coc
715 2239 766 2290 dics
780 2241 907 2295 aFidenit

154 2313 277 2377 afuissent,
292 2328 381 2381 parum
392 2312 536 2365 constabata
550 2315 697 2365 colonorum
709 2315 805 2369 additus
817 2333 906 2370 nume-
924 2308 929 2316 ’

154 2408 204 2458 rus,
222 2406 328 2457 agerque
339 2392 368 2441 iis
384 2393 449 2444 bello
461 2394 668 2461 interemptorum
679 2394 816 2461 affignarus.
851 2401 905 2449 Sic·

154 2471 229 2523 citare
241 2485 272 2521 eo
282 2485 349 2519 anno
366 2470 498 2537 plurimum
516 2468 656 2522 laboratum
674 2472 724 2521 est:
741 2490 787 2524 nee
799 2476 904 2530 coetestea

154 2544 229 2595 ruodo
240 2543 371 2595 defuerunt
385 2560 462 2609 aquae,
479 2542 520 2595 sed
532 2555 597 2595 terra
607 2560 714 2611 quoquc,
732 2549 844 2611 ingenito
856 2554 904 2601 hu-

155 2634 225 2671 more
237 2635 318 2685 egens,
335 2620 382 2669 vix
392 2619 424 2669 ad
444 2634 561 2684 perennes
572 2619 667 2669 suffecit
677 2613 769 2671 amnes.
796 2623 905 2679 descetus

154 2697 215 2749 alibi
233 2711 353 2763 aquarum
369 2696 433 2745 circa
450 2696 557 2747 torridos
576 2695 783 2763 iontcsrirosque
798 2699 904 2765 stragem

155 2772 193 2825 siti
204 2789 323 2841 pecorum
333 2772 491 2822 morientium
503 2773 587 2825 dedit:
606 2772 687 2824 scabie
697 2774 745 2823 alia
755 2775 905 2845 absumpta:

155 2852 301 2915 vulgatique
312 2847 426 2901 contestu
437 2850 463 2899 in
477 2852 588 2902 homines
598 2850 689 2915 morbi,
706 2852 732 2902 ἃ
742 2855 824 2920 primo
837 2857 864 2904 in
874 2872 903 2906 a·

154 2926 243 2991 prestes
258 2926 401 2987 ingruerant
418 2922 575 2991 servitiaque.
597 2926 656 2976 urba
673 2927 760 2979 deinde
775 2931 902 2997 impietur.

154 3003 209 3057 uec
229 3014 334 3069 corpora
345 2999 422 3055 modo
439 2999 524 3052 affetu
543 3002 612 3073 tabo,
629 3003 670 3056 scd
688 2992 783 3058 animos
801 2993 903 3073 quoque

496 3077 550 3141 Le
814 3074 902 3137 mulin
