2117 3642
188 280 201 305 κ
381 230 553 283 trane
585 232 621 281 V.
777 237 870 295 „¹⁸9

123 333 159 375 tta
168 324 325 387 munitiones,
337 336 382 372 nec
394 321 442 373 suis
450 322 609 371 munimentis
616 334 700 370 arcere
707 319 771 384 rim,
787 334 817 371 ac
827 330 869 369 tu·

124 392 158 450 eri
170 401 194 449 se
205 402 236 449 ab
248 402 373 451 exteriore
384 412 498 467 poterant
507 399 584 449 holle.
601 414 653 447 una
663 397 716 465 spes
727 409 788 462 erat,
805 398 870 474 lilex

123 477 259 539 majoribus
271 478 350 527 callris
362 476 542 536 subveniretur,
559 473 698 524 utdiversz
707 475 824 539 legiones,
842 490 870 525 a·

123 554 161 605 lire
173 554 289 605 adversus
302 559 451 623 Capenatem
459 570 489 603 ac
504 552 634 616 Falilcm
651 552 704 602 aliar
718 564 870 603 contractu·

124 633 236 699 priorem
247 633 429 700 oppidanorum
441 639 588 699 pugnarent.
622 628 667 677 Sed
679 630 760 679 eastris
768 639 871 696 praerat

125 711 261 774 Virginius,
287 712 406 779 privatim
432 709 516 771 Sergio
536 704 632 755 invisus
650 705 807 771 infestusque.
840 709 871 772 is,

124 802 202 852 quum
213 788 329 855 pleraque
340 787 435 838 calleila
446 794 599 852 oppugnata,
617 782 741 849 superatas
751 785 871 837 munitio·

124 877 175 927 nes,
193 868 308 931 utrinque
324 866 409 917 invehi
419 864 512 914 hostem
519 863 687 924 nunciaretur,
703 863 815 934 inarmis
822 863 874 913 mi·

124 942 180 991 lites
191 946 287 993 tenuit:
307 944 324 992 sr
341 942 404 1011 opus
421 940 487 991 soret
502 941 607 1013 auxilio,
623 941 745 1005 collegam
759 939 873 993 dictitans

124 1018 190 1069 adse
202 1021 338 1070 milsurum.
365 1020 445 1082 liujus
456 1020 622 1083 arrogantiam
630 1020 765 1086 pertinacia
773 1019 873 1070 alteriue
962 1030 966 1040 ¹

124 1096 253 1159 aequabat3
270 1098 322 1161 qui,
332 1110 444 1161 nequam
452 1110 526 1161 opem
536 1096 569 1145 ab
577 1095 681 1145 inimico
689 1095 817 1146 videretur
828 1110 874 1162 pe·

125 1172 186 1236 risse,
203 1174 271 1223 vinei
282 1176 315 1224 ab
325 1174 400 1238 holle,
417 1180 490 1243 quam
500 1173 601 1223 vincere
612 1189 657 1241 per
666 1175 758 1238 civem,
773 1175 873 1225 maluit.

126 1252 178 1303 Diu
190 1253 215 1302 in
232 1253 316 1302 medio
328 1252 379 1303 caesr
390 1254 479 1302 milites
486 1271 493 1313 ;
511 1254 641 1320 poliremd,
659 1252 758 1302 desertis
769 1254 873 1314 muniti,-

125 1330 223 1394 onibus,
241 1322 357 1399 perpauci
371 1331 397 1380 in
409 1330 506 1395 majora
517 1330 600 1394 castra,
618 1346 673 1399 pars
681 1333 791 1380 maxima
798 1342 875 1398 atque

124 1407 178 1475 ipse
194 1412 289 1472 Sergius
306 1410 411 1459 Romam
427 1408 611 1475 pertenderunt.
628 1409 673 1457 ubi
684 1424 760 1474 quum
772 1422 874 1461 omnem

124 1486 223 1552 culpam
233 1487 259 1534 in
267 1484 387 1551 collegam
398 1485 536 1548 inclinaret,
550 1486 627 1535 acciri
636 1486 779 1550 virginium
786 1500 820 1536 cx
831 1502 874 1536 ea·

125 1564 184 1627 stris,
202 1564 295 1627 interea
313 1562 409 1631 praecise
426 1563 520 1628 legatos
535 1564 655 1630 placuit..
672 1563 735 1615 nea
745 1564 834 1615 deinde
845 1567 874 1618 in
968 1618 975 1629 ,

124 1640 210 1689 senatu
222 1657 259 1689 res
271 1641 312 1703 cll,
331 1650 500 1712 certatumque
521 1642 586 1689 inter
602 1642 708 1708 collegas
726 1641 873 1693 malediilis.

125 1717 198 1781 pauci
209 1717 356 1783 reipublice,
375 1716 431 1765 huic
447 1728 523 1781 atque
543 1716 586 1781 illi,
603 1727 633 1765 ut
643 1717 753 1782 quosque
764 1717 872 1769 studium

125 1793 242 1859 privatim
253 1803 296 1841 aut
308 1794 387 1857 gratia
398 1803 595 1860 occupaverunt,
612 1792 711 1841 adsunt.
814 1839 817 1844 ,

159 1871 206 1917 ΙΧ.
225 1870 345 1919 Primores
362 1872 471 1931 Parrum,
496 1868 547 1917 five
566 1868 638 1933 culpl
657 1868 709 1916 five
726 1867 873 1921 infelicitate

124 1947 302 2011 imperatorum
311 1956 362 1993 tam
371 1942 537 2005 ignominiosa
546 1944 624 2011 clades
632 1955 733 2010 accepta
741 1949 807 2009 ellet,
817 1962 874 1999 cen.

124 2023 202 2082 suere,
221 2026 275 2069 Non
282 2019 439 2085 exspoliandum
444 2021 528 2086 justum
536 2028 621 2085 tempus
629 2023 769 2085 comburunt,
780 2024 822 2087 sed
833 2039 874 2075 er·

124 2098 204 2163 templo
215 2112 280 2145 novos
292 2096 383 2144 tribunos
395 2096 487 2145 militum
498 2097 597 2145 creandos
611 2098 658 2163 effe,
673 2100 709 2164 qai
722 2100 827 2149 Kalendis
841 2105 874 2150 0.

124 2168 228 2225 iirbrlbrrr
237 2173 384 2240 magistratum
392 2173 516 2239 reciperent.
527 2176 557 2223 In
563 2190 637 2239 quam
644 2174 788 2228 sententiam
793 2194 874 2245 quum

124 2251 230 2318 pedibus
239 2251 325 2314 iretur,
342 2249 415 2299 ceteri
424 2250 516 2299 tribuni
527 2251 635 2302 militum
644 2253 707 2302 nihil
718 2256 875 2307 contradices
889 2309 892 2315 ,

123 2342 161 2377 re.
180 2338 205 2376 at
224 2326 353 2375 enimvero
370 2325 465 2387 sergius
485 2327 669 2395 Virginiufflue,
686 2342 790 2398 propter
807 2346 873 2399 quoe

125 2404 245 2471 paenitere
262 2402 445 2467 magistratuum
463 2402 515 2467 ejus
531 2406 591 2454 anni
602 2404 713 2456 senatum
726 2410 873 2476 apparebat,

122 2484 206 2547 primo
217 2478 340 2545 deprecari
352 2481 523 2543 ignominiam,
541 2481 630 2533 deinde
640 2484 790 2535 intercedere
799 2488 873 2537 sena·

121 2555 292 2607 rusconsulto:
309 2572 408 2621 negare,
426 2557 521 2607 seante
538 2561 596 2610 Idus
614 2562 772 2624 Decembres,
788 2562 870 2613 solera-

122 2648 181 2683 nem
191 2632 302 2682 ineundis
311 2632 490 2696 magistratibus
501 2633 576 2697 diem,
588 2637 684 2685 honore
693 2636 804 2686 abituros
812 2638 872 2692 effe.

125 2714 193 2761 Inter
204 2712 255 2761 haec
264 2710 357 2761 tribuni
367 2710 452 2777 plebis,
470 2726 547 2776 quum
557 2714 584 2761 in
595 2713 729 2763 eoncordia
739 2715 872 2772 hominurn

120 2787 283 2852 fecundisque
301 2786 373 2835 reb'us
388 2788 495 2838 civitatis
512 2790 587 2839 inviti
599 2790 720 2841 silentium
731 2792 870 2860 tenuilsent,

105 2868 112 2881 “
124 2864 217 2914 feroces
229 2867 328 2929 repente
339 2865 428 2913 minari
439 2865 544 2916 tribunis
555 2867 670 2940 rnilitum,
686 2868 731 2918 nin
741 2871 769 2919 in
783 2870 870 2920 audio·

125 2941 305 2991 ritatelenatus
316 2940 399 3004 essent,
416 2940 440 2991 se
451 2944 477 2992 in
489 2945 589 2995 vincula
599 2962 642 2995 eos
652 2946 709 2996 duci
719 2945 823 3011 jussuros
832 2946 870 2995 el·

125 3016 175 3087 se.⁴
194 3021 266 3072 Tum
278 3021 307 3087 C,
320 3019 437 3075 servitu
448 3020 529 3074 Ahala
540 3023 653 3078 urbanus
662 3024 788 3078 minum:
803 3023 873 3092 ,Μ
944 3043 949 3054 ’

124 3284 133 3315 x
206 3269 212 3275 .
