2117 3642
321 339 324 350 ,
376 252 558 329 traua
589 275 642 329 m.
829 287 877 351 n,

134 364 179 425 doe
192 365 300 417 urbanos
310 372 407 417 motus:
425 365 450 417 in
459 364 537 419 Fabio
548 365 629 415 minus
641 362 748 416 inbono
760 364 880 431 constans,

134 447 210 505 qu‘am
219 456 329 506 gnavum
337 440 363 491 in
376 441 479 504 malitia,
498 441 627 505 ingenium
637 439 692 490 esse.
727 446 802 492 Hunc
814 444 882 495 enim

134 518 227 582 virum,
245 519 371 583 egregium
391 518 451 567 olim
466 516 544 577 ⁴domi
560 517 709 583 militiaeque,
726 518 881 571 decemvira-

134 602 173 643 tus
190 596 338 661 collegaeque
354 595 389 645 ita
405 604 574 656 mutaverant,
590 604 619 642 ut
638 596 721 660 Appii,
739 602 813 661 quim
833 596 893 665 sui,

135 668 216 721 similis
227 673 309 723 mallet
324 670 378 733 esse.
404 672 462 720 huic
473 670 565 719 bellum
580 670 605 720 in
621 671 723 734 Sabinis,
740 674 780 719 M.
795 675 879 724 Rabu-

118 740 184 796 'leio
203 747 228 797 dt
249 750 282 812 Q.
300 748 396 799 Poetilio
411 746 504 798 additis
521 745 645 811 collegis,
653 745 805 796 mandatum.
834 754 879 803 M.

137 825 287 876 Cornelius'
280 842 306 875 m
319 824 437 891 Algidum
455 822 539 874 missus
556 823 656 873 euml.
675 823 790 872 Minucio
807 825 833 875 dt
845 826 881 877 Τ.

134 904 247 951 Antonio
259 903 285 954 dt
296 907 327 953 K.
341 902 427 952 Duilio
444 903 469 951 ἃ
481 904 519 951 M
533 902 635 965 Sergio:
654 904 695 969 Sp
707 900 818 966 Oppium
831 904 882 970 Ap.

136 978 242 1030 Claudio
253 979 392 1042 adjutorem
404 978 434 1026 ad
445 979 532 1027 urbem
544 977 668 1044 tuendam,
686 992 758 1043 aequo
769 980 881 1033 omnium

133 1052 353 1103 decemuirorum'
347 1055 452 1117 imperio
467 1054 610 1103 decernunt.

170 1132 256 1179 tht.
274 1128 360 1177 Nihilo
371 1129 472 1193 militie,
486 1135 560 1193 quim
571 1129 648 1193 dorni,
665 1128 753 1178 melius
762 1128 880 1198 respubli

135 1219 165 1254 ca
176 1206 341 1258 administrata
353 1206 393 1257 est.
412 1206 456 1258 Illa
467 1204 579 1257 modom
593 1206 695 1257 ducibus
707 1207 794 1274 culpa,
805 1210 881 1276 qudd,

134 1291 164 1331 ut
174 1281 235 1345 odio
249 1282 324 1333 esseut
334 1282 438 1348 civibus,
455 1282 571 1333 fecerant.
598 1284 645 1332 alia
656 1282 737 1332 omnis
748 1298 822 1350 penes
833 1286 880 1336 mi-

135 1359 189 1410 lites
202 1374 270 1413 nora
282 1371 348 1410 erat:
366 1361 417 1426 qui,
435 1376 466 1409 ne
477 1359 538 1427 qnid
549 1360 621 1410 dusiu
633 1371 707 1428 atque
718 1360 830 1427 auspicio
840 1363 881 1418 de·

134 1438 301 1489 cemvirorum
318 1439 431 1506 prospere
447 1438 551 1503 usquam
571 1450 703 1504 gereretur,
721 1440 789 1489 rinei
801 1439 825 1490 se
836 1456 885 1507 per

134 1514 205 1565 suum
216 1525 290 1580 atque
308 1514 406 1566 illorum
426 1512 531 1567 dedecus
544 1515 710 1581 pariebantur.
745 1516 799 1565 rufi
811 1517 836 1566 dt
847 1516 881 1567 ab

136 1592 229 1643 Sabinis
248 1592 280 1642 ad
291 1596 401 1657 Eremm,
421 1593 445 1642 se
460 1594 485 1643 in
499 1592 590 1657 Algido
601 1594 633 1642 ab
645 1593 738 1659 AEquis,
756 1595 881 1659 exercitiis

134 1679 213 1717 erant.
238 1670 270 1719 ab
284 1672 361 1723 Ereto
372 1684 415 1737 per
426 1669 546 1720 silentium
557 1670 635 1722 nollit
652 1671 759 1740 profugi,
777 1675 880 1743 propius

135 1744 231 1812 urbem,
242 1747 305 1797 inter
316 1746 418 1799 Fidenas
431 1746 676 1813 Crustumeriamque,
687 1748 746 1799 ioco
758 1748 825 1800 edito
837 1767 878 1800 ca·

135 1822 181 1873 slra
192 1826 405 1881 communierant„
420 1822 550 1891 persecutis
561 1824 668 1874 hostibus
679 1823 799 1890 nusquam
811 1826 835 1875 se
846 1842 878 1889 ².-
891 1851 899 1867 a

36 1935 38 1949 .
135 1915 186 1965 quo
197 1904 328 1952 certamine
341 1904 530 1963 committentes,
542 1902 628 1951 naturd
638 1902 688 1950 loci
699 1917 729 1949 ac
741 1902 816 1965 vallo,
828 1918 882 1955 non

133 1979 229 2027 virtute
239 1989 283 2026 aut
294 1980 376 2036 armis,
392 1979 545 2025 tutabantur.
567 1978 656 2040 Majus
665 1978 786 2034 flagitium
798 1978 824 2025 in
836 1980 883 2028 At-

134 2055 204 2121 gido,
215 2053 296 2115 mjor
306 2055 382 2099 etiam
393 2052 471 2099 clades
479 2062 596 2115 accepta:
614 2050 689 2099 casira
700 2065 799 2115 quoque
808 2052 880 2102 arnis-

135 2130 264 2186 sacrant,
279 2125 416 2189 exutusque
435 2124 551 2175 omnibus
569 2124 709 2172 utensilibus
731 2126 809 2189 miles,
826 2130 882 2177 Tu.

129 2202 231 2257 'sculum
244 2202 331 2267 se,fidc
342 2200 671 2267 misericordiiquevisiurus
679 2201 811 2270 hospitum,
819 2206 884 2270 (quae

135 2294 282 2334 tamennon
294 2280 438 2348 sesellcrunt)
456 2279 603 2337 contulerat
620 2284 727 2332 Romam
738 2284 799 2333 tanti
813 2295 885 2335 erant

134 2374 240 2417 terrores
250 2360 325 2427 allati,
341 2369 371 2409 ut
370 2359 469 2427 posto
477 2357 530 2422 jam
542 2358 701 2411 decemvirali
712 2361 780 2424 odio,
798 2357 883 2414 Patres

134 2438 256 2505 uigilias'
249 2456 274 2487 m
288 2438 349 2488 urbe
359 2398 486 2491 lrabendas
503 2424 644 2490 censerent:
661 2455 754 2504 omnes,
772 2442 815 2507 qui
836 2458 884 2513 per

134 2529 231 2569 aetatem
246 2532 314 2566 arma
333 2514 395 2569 serre
415 2514 517 2583 possent,
535 2516 656 2567 custodire
669 2520 767 2579 munia,
784 2534 814 2567 ae
832 2534 883 2586 pro
967 2538 978 2551 ¹

135 2596 212 2667 porris
229 2596 344 2645 stationes
361 2607 433 2657 agere
449 2591 578 2657 juberent·
601 2608 669 2641 anna
688 2594 830 2645 Tusculum
848 2595 883 2647 ad

133 2674 331 2741 supplementum
348 2671 512 2735 decernerent,
535 2669 744 2735 decemvirosque,
770 2670 879 2728 abarce

88 2778 92 2791 ·
124 2751 241 2815 ¹'l'usculi
252 2748 379 2817 degressos,
389 2750 414 2797 in
424 2750 503 2801 castris
514 2750 619 2802 militem
631 2748 734 2797 habere:
745 2748 818 2801 casira
830 2748 879 2812 aliie

135 2829 253 2881 dlidenis
262 2830 287 2880 in
306 2826 421 2879 Sabinum
433 2842 519 2891 agrum
530 2824 671 2879 transferri:
689 2824 803 2891 belloque
812 2823 884 2877 ultro

136 2906 263 2958 inserendo
272 2904 387 2955 deterreri
397 2903 477 2955 hosles
488 2910 502 2953 ὲ
513 2904 613 2954 consilio
621 2902 688 2953 urbis
701 2904 879 2973 oppugnanda.

170 2983 268 3035 XLIII.
286 2981 326 3031 Ad
338 2980 418 3031 clades
427 2978 460 3028 ab
473 2980 580 3031 hostibus
591 2991 702 3048 acceptas
714 2981 764 3031 duo
775 2978 879 3047 nesanda

135 3057 246 3129 latinora
257 3056 391 3113 decemviri
402 3056 459 3109 belli
469 3054 586 3126 domique
598 3050 727 3125 adjiciunt.
761 3050 794 3111 ι’.
804 3056 881 3108 sicci.-

494 3141 496 3149 ⁴
833 3144 882 3185 tm
