2117 3642
188 223 222 286 4⁶
309 189 315 194 ’
446 222 482 272 τ.
517 217 672 270 rrvrr

189 309 277 370 Tullio
295 319 386 358 nornen
402 308 458 372 fuit,
473 311 547 375 caput
561 307 638 357 arfilse
652 305 737 357 fermt‘
748 295 897 356 'multonrm
920 307 955 356 ῖιι

188 384 329 452 eonspeiiu.
364 385 473 434 Plurimo
491 385 566 447 igitur
582 385 688 432 clamore
699 381 755 431 inde
769 380 800 430 ad
817 390 896 430 tantae
909 381 955 430 rei

188 459 336 512 miraculum
352 471 409 510 orto
427 459 522 509 excitor
530 473 606 523 reges.
633 459 658 507 δε
669 472 746 522 quum
757 455 858 520 quidam
866 455 955 506 sami·

191 537 291 586 liarium
302 549 391 601 aquarn
408 535 438 586 ad
453 535 649 599 restinguendum
663 535 745 597 ferret,
758 534 790 582 ab
801 533 887 595 regina
906 547 956 581 re·

110 611 113 626 '
190 623 301 663 tentum:
320 611 452 679 sedatoque
463 629 518 662 earn
529 614 645 676 tumultu,
659 611 756 661 moveri
767 609 870 660 vetuille
881 623 953 677 pue-

191 707 261 752 rum;
278 690 358 741 donec
373 691 416 740 sua
430 689 516 758 sponte
533 689 688 758 experretlus
703 687 769 736 ellet.
803 689 870 736 Mox
885 701 953 736 curn

192 768 313 820 somno&
324 767 549 818 flammamabiille.
584 763 767 816 Tumabdutlo
778 763 804 814 i'n
822 761 951 812 secretum

192 845 249 896 viro
267 844 399 908 Tanaquil,
419 843 495 893 Videu'
510 852 634 910 rapuerim
642 841 701 904 huuc,
718 839 807 906 inquit,
823 856 885 907 quem
896 848 950 889 tam

192 919 268 975 lmmiir'
277 919 334 968 cultu
345 919 475 968 educamus?
503 919 564 968 Scire
574 919 630 981 licet,
642 917 695 966 huuc
705 916 774 965 lumen
789 917 894 982 quondam
909 932 949 965 re-

193 998 231 1046 lus
244 995 318 1060 rustris
329 993 396 1046 dubiis
402 996 513 1060 furiarum,
530 996 689 1061 praefidiumque
700 992 763 1059 regia
772 991 862 1053 affliflae.
888 1004 946 1058 pru·

193 1074 242 1124 iude
252 1074 365 1122 materiem
376 1073 466 1140 ingmtis
479 1071 564 1139 public?
573 1071 724 1138 privatimque
741 1070 820 1118 decoris
835 1069 893 1118 omni
910 1069 947 1117 iu-

147 1185 148 1192 κ
194 1150 301 1217 dulgentiri
316 1149 387 1211 nostru
402 1149 530 1198 nutriamus.
566 1147 627 1196 Inde
641 1163 743 1215 puerum
762 1146 867 1195 liberum
886 1146 946 1194 loeo

194 1235 303 1291 coeptum
321 1224 413 1284 haberi,
430 1223 570 1286 erudirique
583 1223 683 1285 artibus,
704 1223 791 1286 quibus
805 1221 947 1287 ingenia'ad

195 1299 658 1363 magnaefortunaecultumexcitantur·
691 1297 946 1364 Evenitsacili,quqd

197 1378 252 1428 Diis
261 1375 329 1435 cordi
341 1374 406 1424 effer.
421 1375 534 1440 Juvenis
542 1375 618 1428 evasrt
629 1377 686 1424 vere
695 1375 782 1426 indolis
791 1379 870 1440 regia.
890 1390 947 1441 nec,

197 1461 275 1518 quum
294 1461 441 1517 quareretur
455 1465 530 1515 gener
545 1452 693 1521 Tarquinio,
710 1453 837 1520 quisquam
853 1455 949 1500 Roma-

143 1593 146 1600 .
197 1543 235 1580 nae
248 1528 385 1590 juventutis
396 1527 444 1577 ulra
455 1538 505 1576 arte
516 1526 621 1578 conferri
633 1529 726 1596 potuit:
745 1529 868 1592 filiamque
877 1528 900 1574 ei
910 1527 947 1576 su-

197 1621 239 1655 am
252 1607 307 1652 Rex
318 1597 455 1669 despondit.
490 1605 546 1667 Hic,
562 1620 709 1672 quacunque
725 1605 847 1668 decania,
864 1614 947 1653 tantus

199 1681 234 1731 illi
246 1681 326 1731 honos
344 1680 441 1730 habitus
460 1680 556 1730 eredere
572 1683 686 1749 prohibet
702 1682 772 1733 servi
783 1693 868 1731 natum
879 1695 945 1744 eum,

200 1771 355 1824 parvumque
374 1755 453 1824 ipsum
473 1756 577 1807 servisse.
613 1743 707 1808 Eorurir
729 1760 807 1824 magis
824 1757 947 1808 sententiae

201 1832 264 1895 sum,
277 1834 327 1898 qui,
342 1835 476 1884 Corniculo
487 1847 569 1903 capto,
584 1837 662 1884 Servii
680 1837 767 1899 Tullii,
781 1838 823 1902 qui
837 1831 948 1904 prinecps

201 1911 227 1960 in
238 1910 279 1960 illa
287 1911 348 1959 urbe
359 1909 446 1977 suerat,
458 1913 586 1976 gravidam
597 1915 654 1962 viro
662 1913 744 1964 occiso
752 1926 946 1978 uxorem,quum

201 1989 264 2038 inter
282 1988 386 2054 reliquas
397 1992 506 2058 captivas
517 1992 617 2056 cognita
631 1989 696 2054 effer,
708 1993 742 2041 ob
752 1994 849 2042 unicam
860 1988 947 2039 nobili-

201 2073 277 2114 tatem
294 2063 326 2114 ab
345 2068 430 2136 regina
449 2069 562 2117 Romana
580 2068 730 2135 prohibitam
747 2069 830 2126 ferunt
848 2064 947 2116 servitio

201 2152 300 2209 partum
312 2137 399 2195 Rornae'
414 2143 520 2207 edidille,
544 2147 618 2194 Prisci
630 2146 762 2210 Tarquinii
778 2145 862 2195 domo.
888 2134 947 2193 Inde

201 2227 272 2267 tanto
293 2215 415 2266 beneficio
437 2219 674 2264 &intermulieres
693 2217 884 2265 familiaritatem
904 2229 947 2265 au·

202 2290 275 2350 llam,
296 2289 322 2338 tu
340 2303 451 2353 puerum,
468 2299 497 2335 ut
516 2289 542 2334 in
561 2288 638 2335 domo
655 2293 669 2335 a
686 2293 765 2352 parvo
783 2287 903 2351 edanum,
921 2292 947 2339 iir

203 2366 305 2414 caritate
322 2373 395 2427 atque
413 2364 506 2412 honore
523 2360 606 2410 fuille:
626 2362 752 2411 fortunam
771 2363 864 2428 matris,
883 2367 955 2431 quod·

180 2505 182 2507 Ι
204 2439 277 2504 capta
293 2438 372 2504 patria
385 2438 411 2486 in
424 2437 529 2487 hostiurn
542 2451 629 2488 manus
639 2431 743 2503 uenerit,
761 2450 791 2489 ut
801 2438 948 2490 seminatus

205 2513 355 2577 mederetur,
372 2512 462 2564 fecisse.

240 2593 296 2640 xL.
324 2590 596 2656 Duodequadragesrmo
615 2591 691 2643 ferme
708 2609 782 2657 anno,
801 2607 835 2643 ex
848 2607 895 2657 quo
910 2605 945 2640 re-

206 2681 280 2734 gnare
292 2679 398 2736 creperat
409 2669 568 2734 Tarquinius,
581 2683 631 2717 non
642 2668 707 2735 apud
723 2683 806 2735 regem
817 2668 897 2731 modo,
908 2667 946 2717 led

207 2744 273 2810 apud
285 2747 367 2794 Patres
378 2743 524 2810 plebemque
539 2744 613 2807 longo
623 2747 735 2794 maximo
746 2748 840 2794 honore
857 2743 946 2793 servius

205 2819 307 2868 'rullius
324 2830 386 2868 erat.
429 2823 499 2870 Tum
515 2821 580 2870 Anci
591 2819 635 2870 filii
646 2821 704 2884 duo,
719 2821 763 2870 etsr
773 2830 846 2870 antea
861 2821 957 2885 semper,

136 2933 140 2950 ,
209 2905 254 2960 pro
267 2894 429 2960 indigniffirno
438 2895 581 2959 habuerant,
591 2897 616 2947 se
624 2900 705 2966 patrio
713 2913 790 2962 regno
798 2896 883 2945 tutoris
888 2894 946 2945 frau-

209 2964 248 3016 dss'
259 2969 349 3038 pulsor,
364 2983 466 3035 regnate
486 2975 574 3024 Romae
588 2976 719 3041 adrem,
739 2989 791 3024 non
806 2972 880 3026 modu
889 2970 950 3022 civia

905 3053 943 3109 ta,
