2117 3642
168 250 173 257 ·
210 214 286 299 '223³
480 240 523 293 τ..
556 240 719 293 nrvrr

216 330 423 405 populatiombut
436 345 474 381 res
491 331 548 397 suit,
566 347 616 383 non
630 330 661 381 ad
682 328 819 399 prasidium
835 334 934 391 mod&
952 348 1009 393 η..

220 414 326 464 tandum
343 411 414 460 Fabii
431 408 487 458 satie
506 419 585 471 erant,
602 407 643 458 sed
654 408 708 459 toti
722 412 833 475 regione,
854 415 914 479 quit
940 422 1007 467 Tu·

217 489 275 541 scus
286 505 345 554 ager
356 492 473 539 Romano
483 487 592 551 adjacet,'
604 485 647 536 sua
658 497 712 537 tuta
723 490 816 554 omnia,
834 490 938 543 infesta
950 496 1004 545 ho.

114 605 116 611 *
215 569 300 633 stium,
319 578 439 633 vagantes
455 581 499 635 per
518 576 652 630 utrumque
671 563 755 629 finem,
772 566 865 617 fecere.
905 574 1004 623 Inter.

216 648 315 697 vallum
322 645 412 695 deinde
423 644 489 695 baud
497 658 617 707 maguum
625 642 831 710 populationibus
839 644 908 695 fuit:
926 648 997 701 dum

218 727 248 778 dt
259 727 385 790 Vejentes‚
397 725 477 774 accito
489 739 521 773 ex
530 722 629 771 Etruria
641 722 761 785 exercitu,
770 721 917 790 praefidium
931 730 996 777 Cre

133 848 138 851 .
216 808 296 857 merae
307 815 466 873 oppugnant,·
484 802 510 852 a
519 806 639 851 Romana
651 799 768 865 legiones,
785 800 818 849 ab
829 804 863 851 L.
878 804 994 856 AEmilio

217 884 321 936 conside
332 881 452 945 addunae,
470 881 583 931 continua
595 894 651 928 cum
664 876 771 928 Etruscis
779 878 910 931 dimicant
922 886 991 933 acie.

214 976 363 1029 quanquam
370 961 418 1009 vix
425 956 547 1023 dirigendi
558 956 638 1005 aciem
643 954 753 1022 spatium
762 957 916 1020 chentibus
926 958 987 1009 suit.

212 1040 281 1091 adeb
288 1041 358 1089 inter
374 1039 481 1106 primam
495 1034 697 1101 trepidationem,
715 1032 775 1084 dum
787 1036 840 1101 posi
851 1035 930 1101 signa
942 1055 984 1089 on

216 1118 289 1170 dines
307 1119 440 1180 inuniunt,
458 1113 610 1179 subsidiaque
626 1112 718 1175 locant,
736 1111 834 1161 invecta
845 1112 936 1165 subitb
947 1116 980 1165 ab

214 1196 293 1245 ¹latere
305 1198 418 1244 Romana
433 1192 545 1257 equitum
557 1188 604 1253 ala,
621 1204 672 1238 non
689 1203 777 1254 pugna
788 1188 868 1239 modi>
883 1192 981 1259 incipi·

211 1272 293 1336 cndae,
311 1270 352 1321 sed
363 1268 514 1332 consistendi,
530 1267 624 1317 ademit
634 1267 726 1318 locum.
745 1269 791 1331 Ita,
803 1266 931 1319 susrretrb
943 1272 974 1322 ad

214 1349 277 1401 saxa
288 1351 381 1413 Rubra,
399 1350 445 1412 (ibi
456 1348 532 1397 castra
546 1346 680 1412 habebant)
697 1360 784 1412 pacem
794 1344 921 1414 supplices
933 1366 977 1417 pc.

213 1439 283 1479 tunt.
317 1428 386 1493 cujus
396 1428 543 1494 impetrate,
560 1424 591 1474 ab
600 1424 672 1474 insita
684 1425 771 1475 animis
785 1424 899 1491 levitate,
916 1440 977 1481 ante

178 1497 181 1501 Δ
212 1506 348 1558 dedustum
360 1506 475 1555 Cremeri
489 1508 633 1554 Romanum
649 1501 795 1569 prandium,
810 1504 941 1569 poenituit

250 1587 283 1633 L.
302 1582 393 1633 Rursus
404 1598 462 1633 eum
471 1582 554 1631 Fabiis
566 1590 617 1629 erat
627 1580 728 1644 Vejenti
737 1580 840 1647 populo,
858 1580 910 1632 sine
920 1584 975 1636 uiso

214 1660 319 1724 majoris
336 1657 394 1708 beili
410 1668 538 1726 apparatu,
556 1668 694 1707 certamen:
712 1672 758 1705 nec
770 1668 840 1707 erant
851 1658 973 1711 incursio·

214 1753 260 1788 nes
278 1736 355 1787 modb
372 1738 400 1787 in
417 1750 498 1801 agros,
515 1745 559 1785 aut
576 1734 650 1785 subiti
663 1736 770 1802 impetus
781 1734 972 1803 incursantium,

214 1815 259 1866 sed
270 1816 400 1881 aliquoties
410 1830 482 1879 aquo
497 1830 587 1881 campo
599 1811 741 1879 collatisque
753 1811 826 1875 signis
838 1825 970 1865 certatum.
1029 1834 1030 1843 ¹

214 1894 323 1961 gensque
334 1909 384 1948 una
395 1893 482 1961 populi
499 1891 608 1942 Romani
619 1890 681 1958 sape
694 1906 725 1941 ert
737 1890 924 1958 opulentissuma,
942 1905 972 1945 ut

212 1985 271 2023 tum
280 1988 318 2022 res
328 1982 407 2035 erant,
417 1970 520 2020 Etrusca
531 1970 635 2019 civitate
645 1969 774 2019 visioriam
784 1969 851 2018 tulit.
877 1970 907 2019 Id
918 1973 969 2038 pri-

214 2054 261 2102 rnb
279 2051 396 2101 acerbum
415 2048 596 2115 indignumque
615 2044 762 2111 Veientibus
781 2048 872 2097 visum.
912 2050 969 2099 inde

215 2130 345 2182 consilium
357 2145 388 2179 ex
401 2140 524 2179 renatum
537 2126 630 2177 insidiis
640 2125 749 2176 ferocem
760 2125 853 2175 bostem
867 2138 967 2195 captan-

213 2208 260 2261 di:
284 2208 390 2273 gaudere
406 2209 491 2269 etiam,
512 2206 593 2257 inuito
613 2202 719 2255 successu
742 2204 823 2253 Fabiis
839 2201 967 2261 audaciam

204 2282 332 2335 ‘creseere
368 2288 406 2334 Ita
423 2300 454 2333 ue
466 2284 490 2332 8<
501 2295 590 2349 pecora
600 2282 762 2349 praedantibus
773 2284 909 2348 aliquoties,
920 2300 965 2333 ve-

214 2363 255 2412 lut
263 2361 320 2410 casu
331 2302 476 2424 incidissenq
488 2362 591 2411 obviarn
600 2361 665 2411 adia:
685 2362 846 2425 &agrestium
854 2360 912 2425 fuga
920 2378 965 2413 va·

148 2431 150 2438 ’
214 2439 245 2491 {ti
255 2438 332 2489 residi
342 2440 409 2504 agri:
428 2441 453 2489 a
465 2438 569 2490 subsidia
581 2452 741 2503 armatorum,
754 2440 784 2491 ad
796 2436 910 2491 arcendas
918 2458 965 2509 po·

213 2519 352 2587 polationes
366 2517 445 2582 missa,
462 2518 549 2587 sapius
565 2518 686 2583 simulato,
703 2525 778 2586 quam
789 2534 859 2582 vero,
868 2534 962 2585 pavore

213 2595 367 2662 refugerunt.
401 2601 506 2664 Jamque
526 2598 597 2647 Fabii
621 2598 683 2648 adeo
700 2598 894 2665 contempserant
915 2599 961 2649 ho·

211 2676 281 2740 siem,
298 2688 328 2726 ut
344 2676 387 2726 sua
405 2676 498 2726 invitia
514 2692 584 2726 arma
600 2692 679 2742 neque
689 2677 747 2727 loco
763 2692 842 2742 neque
852 2686 961 2743 tempore

212 2754 266 2805 ullo
276 2756 401 2805 crederent
411 2755 521 2805 sustineri
533 2753 609 2822 posse.
636 2757 686 2805 haee
698 2754 750 2823 spes
759 2756 883 2824 provexit,
894 2756 959 2809 utad

209 2832 342 2898 conspetu
359 2834 477 2900 procula
495 2838 611 2883 Cremera
630 2851 722 2900 magno
740 2837 821 2901 campi
832 2835 960 2887 intervallo

208 2924 303 2977 pecora
319 2913 470 2974 (quanquam
485 2926 540 2959 rara
552 2911 659 2966 hostium
670 2914 821 2979 apparebant
832 2917 905 2979 arma)
915 2912 957 2963 de-

208 2996 346 3035 currerent.
364 2987 388 3034 &
400 3001 478 3048 quum
488 2986 626 3053 improvidi
637 2990 714 3039 effuso
724 2990 796 3039 cursu
806 2991 897 3040 insidias
909 2992 955 3041 cir*-

200 3060 332 3129 ,criptum
342 3060 495 3115 iteriocatat
504 3062 662 3135 supeaffent,
677 3066 804 3135 palatique
819 3067 900 3137 paffiro
910 3082 956 3117 va·

608 3177 613 3189 ’
912 3158 956 3213 8³·
