2117 3642
170 244 219 295 ssa
296 216 305 233 '
425 232 461 283 τ.
495 231 653 289 Ltv11

206 316 330 371 XXXVI.
348 318 428 385 Hujus
441 322 681 386 generieotatiouos,
698 332 756 373 cum
768 318 917 377 offensuau·

170 395 237 459 ditae,
249 395 383 445 incitavere
393 396 513 463 quosdam
523 397 555 448 ad
565 396 697 464 petendum
708 398 861 456 tribunatum
868 400 917 451 mi·

171 469 251 532 litum,
268 470 344 521 alium
361 471 455 521 eliade
474 473 610 523 commodis
627 474 829 540 plebis‘laturum
845 474 870 523 se
889 475 917 523 in

170 546 313 615 magistratu
324 548 491 615 profitentem.
527 550 589 613 Agri
605 552 697 617 publici
708 549 835 600 dividendi
847 550 918 600 colo·

170 623 318 689 usurumque
335 624 531 675 deducendarum
542 628 667 678 ostentata
677 628 739 694 spes,
755 628 791 691 dr,
802 625 917 690 versinus

171 696 342 767 possessoribus
353 718 469 769 agrorum
480 703 604 769 imposito,
620 705 648 753 in
655 702 800 771 stipendium
811 704 916 753 militum

171 774 290 839 erogandi
307 779 368 829 acris.
405 782 537 847 captatum
554 777 641 830 deinde
655 790 752 847 tempus
768 780 800 829 ab
812 778 917 830 tribtmis

171 850 288 915 militurn,
304 869 356 919 quo
367 870 410 921 per
426 854 553 904 discessum
567 856 698 906 bominum
707 856 740 905 ab
755 856 822 920 urbe,
839 868 917 919 quum

172 926 255 977 Patres
265 928 410 979 clandestina
422 929 611 979 denunciatione
621 932 733 981 revocati
743 926 776 981 ad
785 931 851 981 diem
862 944 916 979 cer·

170 1009 224 1051 t'am
244 1001 325 1069 essent,
343 1004 578 1058 senatusconsultum
592 1007 670 1071 ficret,
686 1007 825 1059 absentibus
836 1007 917 1058 tribu·

171 1078 210 1129 nis
223 1079 303 1145 plebi:
321 1094 358 1145 ut,
375 1085 492 1149 quoniam
506 1082 609 1133 Volscos
625 1088 651 1135 in
663 1086 826 1137 Hernicorum
842 1096 917 1149 agros

173 1154 307 1221 pradamm
318 1158 392 1211 exisse
409 1159 475 1211 sama
486 1160 552 1223 essct,
569 1160 601 1209 ad
616 1176 670 1211 rem
683 1160 858 1228 inspiciendam
870 1160 915 1209 tri·
928 1179 937 1189 ‚

170 1229 232 1281 bunt
248 1232 356 1285 militum
374 1236 595 1302 proficiscerentur,
614 1237 796 1302 consulariaque
812 1236 918 1298 comitia¹

172 1300 328 1361 haberentur.
363 1312 468 1363 Prosesli
483 1318 530 1379 Ap.
546 1312 683 1375 Claudium,
700 1311 780 1361 filium
790 1310 915 1361 decemvi-

172 1384 203 1447 ri,
220 1385 360 1452 prasesium
370 1389 438 1439 urbis
450 1390 599 1453 relinquunt,
610 1389 742 1455 impigmm
749 1390 877 1453 juvenem,
889 1388 916 1441 ἃ

170 1458 222 1524 jam
239 1461 295 1511 inde
313 1464 344 1515 ab
362 1466 518 1517 incunabulis
534 1465 657 1515 imbutum
679 1465 739 1514 odio
758 1465 916 1515 tribunonrm

171 1538 305 1607 plebisque.
330 1542 434 1591 tribunis
450 1542 515 1609 plebi
531 1556 577 1591 nec
589 1556 645 1595 eum
658 1540 797 1590 absentibus
816 1542 858 1604 iis,
871 1543 916 1607 qui

171 1612 405 1667 senatusconsultum
420 1616 535 1676 fecerant,
553 1630 598 1665 nec
617 1630 674 1665 cum
688 1614 780 1683 Appio,
797 1614 916 1667 eureus

172 1706 206 1755 re,
224 1691 292 1758 quod
303 1693 486 1755 contenderent,
503 1692 560 1741 suit.

206 1772 344 1819 XXXVII.
363 1770 445 1819 creati
460 1767 569 1819 consules
587 1767 641 1817 sunt
661 1770 690 1817 C.
709 1766 866 1835 Sempronius
879 1771 914 1819 A·

171 1846 284 1909 tratinus,
309 1850 343 1912 Q.
363 1846 617 1915 FabiusVVibulanus.
652 1844 781 1909 Peregrina
800 1859 847 1907 res,
872 1843 924 1897 sed·

170 1926 290 1975 memoria
310 1924 392 1991 digua,
410 1925 512 1975 traditur
529 1914 563 1973 eo
577 1939 642 1974 anno
659 1921 736 1973 satta:
754 1923 917 1987 Vulturnum,

169 1993 331 2053 Etruscorum
342 2004 436 2066 urbem,
454 2018 507 2069 qua
519 2011 591 2051 nunc¹
604 2005 688 2068 capua
700 1998 741 2064 est,
758 1999 789 2049 ab
801 2001 915 2051 Samniti·

171 2078 217 2129 bus
228 2092 338 2147 captum
357 2086 515 2149 Capuamque
527 2081 561 2130 ab
579 2078 639 2129 duce
657 2093 743 2129 corum
763 2082 858 2146 Capye,
874 2079 924 2130 vel*

170 2158 248 2223 (quod
259 2161 360 2226 propius
378 2174 439 2210 vero
454 2160 495 2222 esl)
512 2164 526 2207 ὲ
542 2156 668 2225 campestri
686 2171 747 2219 agro
757 2155 913 2223 appellatam.

171 2240 266 2302 Cepere
278 2247 370 2300 autern,
387 2238 454 2302 prius
469 2235 534 2285 bello
551 2234 658 2297 fatigatis
670 2232 784 2296 Etruscis,
801 2234 827 2282 in
838 2233 915 2283 socie·

173 2322 249 2363 tatem
259 2311 326 2363 urbis
336 2326 501 2376 agrorumque
511 2311 605 2375 accepti
617 2328 624 2357 τ
640 2309 728 2359 deinde
738 2309 799 2361 sesto
809 2310 849 2359 die
859 2325 914 2375 gra-

172 2406 216 2440 tes
229 2388 314 2439 somno
333 2386 457 2455 epulisque
476 2386 566 2435 incolas
586 2396 680 2435 veteres
696 2387 758 2437 novi
769 2386 851 2437 coloni
867 2400 913 2435 uo·

174 2466 257 2517 slurna
268 2464 332 2515 carde
344 2464 432 2515 adorti.
467 2464 512 2513 His
523 2462 594 2517 rebus
605 2462 671 2526 aslis,
688 2464 798 2514 eonsules
810 2464 836 2529 ii,
849 2477 914 2529 ‚quos

172 2544 290 2607 diximus,
307 2542 391 2593 Idibus
408 2541 585 2593 Decembribus
603 2540 769 2605 magistratum
789 2556 914 2609 occepere.
1010 2572 1018 2583 .

173 2624 229 2691 Jam
240 2638 292 2672 non
303 2620 391 2685 solum,
409 2620 451 2687 qui
462 2617 494 2667 ad
510 2616 535 2665 id
546 2614 607 2667 misfi
617 2627 694 2680 erant,
710 2618 851 2680 retulerant,
868 2618 926 2666 im··

173 2702 266 2759 minere
279 2697 395 2747 Volscum
407 2696 510 2755 bellum3
528 2690 568 2740 sed
584 2692 657 2757 legati
668 2687 767 2759 quoque
778 2692 810 2741 ab
821 2692 921 2742 Latinis

174 2778 200 2827 δι
212 2774 323 2825 Hernicis
337 2774 494 2833 nunciabant,
512 2772 567 2818 Non
577 2774 627 2817 anst
637 2786 725 2836 unquam
737 2767 816 2833 Volscos
826 2781 864 2817 occ
874 2767 915 2814 du·

172 2856 229 2909 cibus
240 2854 341 2921 legendis,
357 2868 394 2901 nec
406 2849 507 2903 exercitui
514 2844 631 2914 scribendo,
648 2844 767 2896 intentiores
772 2842 846 2910 fuiffe.
864 2842 917 2892 vus·

80 2938 87 2951 ⁸
170 2941 201 3007 gb
207 2936 314 3001 fremere,
330 2940 367 2979 aut
382 2930 404 2978 t'n
412 2935 541 2993 perpetuum
551 2940 614 2972 arma
628 2923 740 2988 bellumque
751 2919 851 2970 oblivioni
860 2919 914 2969 dao-

175 3018 211 3084 da,
221 3016 338 3085 jugumque
354 3005 511 3073 accipiendum
528 3010 566 3053 aut
582 3001 617 3065 iis,
634 3017 681 3099 crim
696 2998 767 3069 quibus
782 2996 809 3049 de
824 2996 921 3125 supprepp‘p
