2117 3642
198 197 247 258 336
458 193 687 246 T.L1vs1

198 294 233 336 ter
244 281 330 332 Gallica
341 281 384 333 tela
394 281 497 352 degreffus
508 298 535 332 ru
544 284 684 349 areesoleuae
694 283 767 336 Fabia
772 285 847 352 gentis
860 285 884 335 in
897 286 955 338 caue

141 374 143 378 ·
197 363 309 430 Quaerat
319 360 392 414 attice
425 363 465 412 Aa
476 362 658 429 gentilitiasaera
667 379 694 412 ne
710 363 734 412 in
749 362 802 412 bella
817 360 901 431 quidem
912 367 952 414 in-

197 441 300 504 termitti,
314 438 400 505 publica
405 441 470 506 sacra
482 441 509 490 dr
519 442 625 489 Romans
636 443 698 490 Deos
708 441 776 490 etiam
787 443 810 490 in
818 454 874 508 pace
881 441 954 508 deseri

144 567 148 574 ,
194 517 289 586 placet?
301 519 328 568 dr
339 519 449 584 pontifices
454 519 592 584 flaminesque
601 519 763 585 negligentiores
768 517 902 585 publicarum
913 534 955 567 re·

197 597 297 664 ligirium
306 593 352 662 effe,
369 600 436 662 quim
444 596 550 663 privatus
562 598 585 645 in
590 595 671 662 solenni
681 597 755 663 gentis
760 598 856 662 fuerit?
889 598 952 646 For·

192 675 253 743 stoa
263 675 338 742 aliquis
350 677 415 739 dieas,
432 683 471 724 aut
481 675 541 740 Vejis
548 691 574 723 ea
584 674 730 740 rossellanus,
747 685 786 726 aut
793 675 832 726 buo
842 676 890 726 inde
898 675 954 740 mas

193 755 257 820 sarar
267 753 388 820 sacerdotes
406 753 493 817 nostras,
508 753 544 820 qui
556 753 662 817 faciunt:
679 769 767 819 quorum
786 763 884 804 oemrum
893 753 952 817 fieri

194 832 269 898 saluis
280 834 401 882 ceremoniis
415 831 494 898 potest.
511 832 540 881 ta
549 846 577 882 ne
585 833 657 884 omnia
663 833 785 898 generatim
790 835 856 898 sacra
865 833 952 897 omnes*-

199 925 239 976 qur
246 911 381 976 percenseam
394 913 467 968 Deos;
484 908 507 956 ia
518 909 586 973 Jovis
596 909 658 975 epulo
667 926 718 958 num
728 910 787 973 abbi,
796 912 862 976 quim
874 911 952 960 inCa·

195 986 282 1054 pitolio,
295 987 400 1052 pulvinar
404 986 485 1052 suscipi
493 984 583 1052 potest?
616 987 678 1051 Quid
687 987 713 1036 de
721 988 805 1037 uernis
816 985 880 1050 Vrsle
888 986 950 1052 igni-

200 1063 350 1132 busfign‘oque‚
366 1065 419 1131 quod
435 1065 523 1130 imperii
530 1064 611 1130 pignus
627 1063 720 1129 custodial
730 1067 776 1130 ejus
794 1064 869 1130 templi
885 1072 949 1113 tene-

200 1152 245 1203 tur,
257 1143 356 1208 loquar?
372 1142 423 1208 quid
432 1143 457 1190 de
468 1141 570 1191 amitibus
580 1141 668 1206 vestris,
683 1144 756 1194 Mars
767 1142 877 1204 Gradive,
885 1150 952 1207 tuque

200 1221 385 1288 Qirinepater?
400 1219 441 1268 bec
452 1220 523 1269 omnia
538 1220 561 1269 in
568 1221 661 1286 profano
677 1220 744 1286 deseri
752 1221 902 1288 plasetseera,
920 1235 950 1268 a·

199 1300 273 1366 qualia
288 1299 344 1362 urbi,
360 1299 453 1366 quedam
469 1297 587 1362 uetustiora
602 1299 684 1365 origine
703 1297 779 1348 urbis?
812 1299 846 1347 Et
864 1297 952 1360 videte,

200 1378 252 1447 qaid
261 1379 318 1427 inter
328 1392 364 1426 nos
375 1392 400 1426 ac
416 1377 506 1440 majores
518 1376 609 1441 interfit.
632 1377 665 1426 illi
669 1377 735 1441 saera
743 1375 835 1442 quadam
845 1374 869 1423 in
879 1381 953 1423 meme

201 1452 287 1508 Albam
300 1449 434 1520 Laviaiaqae
442 1454 499 1502 nobis
505 1453 609 1518 sarienda
619 1454 761 1502 tradiderunt.
795 1453 835 1502 An
845 1466 871 1500 es
883 1448 952 1512 bosti-

201 1547 237 1586 um
254 1527 336 1578 urbibus
353 1529 444 1578 Romam
456 1529 485 1578 ad
499 1545 536 1578 nes
551 1529 668 1594 transferri
673 1531 739 1596 sacra
752 1527 873 1595 religiosum
878 1525 953 1590 fuit.-

200 1606 249 1656 blac
254 1605 302 1670 fine
309 1605 394 1671 piaculo
402 1607 426 1654 irs
441 1605 530 1670 bostium
540 1607 613 1655 urbem
628 1607 690 1669 Vejos
698 1605 870 1671 transferemus?
902 1605 953 1652 Re·

200 1683 325 1745 certamini,
342 1683 459 1750 agitedum,
475 1684 555 1753 quoties
564 1685 629 1749 sacra
645 1681 857 1748 insidiarumque
870 1679 955 1746 aliquid
1043 1690 1044 1699 ¹

200 1775 227 1812 es
236 1761 309 1826 patrio
322 1759 366 1808 ritu
381 1759 512 1828 negligentis
529 1762 608 1825 casuve
623 1761 784 1828 pretermifflcm
801 1759 839 1821 csl.
873 1757 952 1806 Modo

200 1853 243 1906 qna
253 1851 295 1900 res,
310 1837 358 1904 post
366 1837 489 1903 prodigium
501 1834 582 1886 Albani
598 1836 666 1899 locris,
683 1837 722 1901 nist
738 1835 859 1899 insisteretis
873 1837 954 1900 sucro·

200 1929 250 1962 euru
261 1914 440 1980 auspiciorumque
451 1913 571 1977 renovatio,
587 1911 666 1976 aselle
678 1913 761 1976 Vejenti
771 1911 823 1960 bello
832 1909 954 1978 reipublice

200 1991 296 2042 remedio
302 1991 374 2057 fuit?
408 1992 444 2041 At
455 1992 529 2054 etiam,
545 1998 645 2057 tanquam
656 1998 755 2038 veterum
766 1989 889 2056 religionum
902 2003 953 2037 me-

202 2085 280 2132 mores,
298 2069 324 2120 dr
333 2071 457 2138 peregrinos
468 2072 529 2119 Deos
547 2067 803 2132 transtulimus-Romam,
819 2067 847 2117 dr
857 2064 954 2129 institui·

201 2163 250 2198 mus
261 2162 335 2197 nouos.
370 2150 428 2213 Juno
440 2148 533 2214 Regina,
549 2145 671 2213 transveila
682 2147 697 2193 ci
709 2146 775 2211 Vejis‚
791 2156 859 2212 nuper
871 2144 894 2193 in
911 2145 953 2194 A-
1041 2162 1042 2167 ¹

201 2227 290 2275 ventione
300 2229 366 2291 quam
377 2225 453 2292 infigai
464 2221 488 2273 ob
498 2224 599 2274 excellens
609 2233 755 2274 annonarum
760 2223 855 2288 studium
863 2221 955 2272 celebri·

199 2319 240 2370 gue
257 2302 357 2352 dedicata
371 2303 402 2365 est
412 2303 466 2351 die?
501 2302 549 2366 Ajo
560 2303 647 2351 locutio
662 2301 773 2368 templum,
788 2300 954 2368 propterearle·

194 2375 254 2441 stem
266 2392 340 2426 vocem
353 2379 474 2427 exauditam
485 2378 507 2428 in
520 2381 594 2428 Nova
605 2379 654 2443 uia,
664 2379 762 2444 juffimus
770 2379 842 2442 fieri:
861 2378 954 2443 Capito·

200 2451 253 2504 liuos
264 2451 321 2504 ludos
328 2453 446 2518 solemnibus
464 2455 513 2504 aliis
527 2454 647 2509 addidimus
654 2472 661 2516 ;
677 2454 826 2523 collegiumque
839 2453 868 2502 acl
878 2454 901 2504 id
911 2470 953 2504 nr·

199 2545 263 2594 vum,
280 2528 453 2596 uallareseaata,
470 2531 609 2584 condidimus.
632 2521 696 2598 Quid
705 2532 779 2582 borum
787 2546 838 2600 opus
843 2532 954 2599 fiu‘tsufi

199 2611 252 2678 cipi,
264 2611 286 2676 st
302 2615 345 2661 una*
356 2628 404 2661 cum
416 2611 488 2662 Gallis
499 2610 571 2661 urbem
580 2614 699 2662 Romanam
709 2612 804 2662 relatlrcri
809 2611 919 2679 suimru?
931 2609 957 2677 si

199 2705 241 2752 non
248 2689 358 2740 voluntate
369 2689 481 2756 mansmus
492 2691 514 2739 in
527 2689 631 2757 Capitolio
638 2703 682 2758 per
696 2700 727 2739 tot
738 2693 816 2756 menses
823 2687 955 2755 obsidionis?

194 2763 219 2832 sc
228 2766 253 2814 ab
265 2765 354 2829 bostibus
363 2777 421 2818 metu
437 2769 516 2817 retenti
520 2769 616 2833 fiemus?
649 2769 763 2834 Deficcris
772 2767 877 2834 baccinum
886 2768 914 2818 dr
925 2767 956 2816 de

200 2844 307 2909 templis:
324 2846 376 2912 quid
392 2847 477 2895 tandem
496 2846 522 2894 de
535 2847 699 2911 sacerdotibus?
734 2851 815 2896 Nonne
825 2850 848 2897 in
858 2856 958 2900 mmterre

200 2923 272 2985 venit,
288 2931 388 2988 quantum
396 2923 478 2988 piaculi
495 2926 664 2975 committatur?
698 2924 815 2989 Vestalibus
825 2937 900 2992 nempe
909 2943 958 2978 una

198 2996 347 3069 Wasrdaest,
364 3015 390 3053 er
399 3014 440 3068 qun
453 3015 487 3053 ras
495 2999 549 3054 nibil
555 3019 654 3072 unquam
667 3012 810 3072 preterquam
820 2999 955 3068 ubscapra,

238 3127 243 3140 ,
866 3080 952 3136 movit.
