2117 3642
121 292 124 297 .
186 262 227 326 ῃ·
447 252 485 309 n.
520 240 681 309 ervit

95 352 103 363 ⁸
188 346 423 412 viliumconsuiem,
441 348 482 396 cui
501 347 630 412 ingenium
649 346 727 412 magis
744 342 864 417 populare
880 358 948 418 erat,

188 443 268 490 orare,
290 437 320 475 ut
343 426 418 475 tantis
439 426 636 474 circumventam
658 426 792 477 terroribus
811 429 951 495 expediret

187 503 375 572 rempublicam.
410 500 585 565 Tumeonsul,
601 500 672 553 misso
684 501 777 571 senatu,
795 502 820 552 in
838 506 950 556 concio·

188 586 247 628 nem
261 576 353 646 prodit.
388 577 435 640 Ibi,
452 591 505 625 cm
515 575 555 645 effe
569 574 678 641 Panthus,
695 577 809 643 ostendit,
826 588 851 629 ut
866 572 951 647 confie-

187 655 246 706 latrr
253 654 319 723 pieii.
345 658 438 706 eeterim
447 653 597 705 deliberationi
607 652 634 703 de
644 657 739 707 maxima
749 656 833 723 quidem
846 656 893 721 illa,
905 656 954 723 sed

175 743 262 785 remen
269 744 335 801 parte
347 734 454 798 civitatis,
469 742 551 784 metm
564 745 606 801 pro
616 730 715 801 uniuersi
724 731 835 801 'repnbica
846 734 952 785 interve·

187 808 246 879 reiffe.
275 826 313 859 nec
320 809 384 879 poffe,
401 818 463 877 quem
473 810 540 875 hostes
546 818 615 876 prope
625 808 735 877 adportas
746 809 815 877 effert,
825 808 876 859 bello
884 822 949 877 pre-

187 888 275 957 veenffe
289 888 413 955 quipiam:
429 902 474 951 nee,
485 885 508 952 fi
516 886 548 952 fir
560 886 675 937 trement
688 884 773 953 etquid,
788 894 827 936 ane
836 885 896 953 pteit
908 886 948 939 he·

188 968 270 1032 nestum
279 966 326 1035 effe,
343 964 383 1032 rifi
397 965 493 1015 mercede
505 965 569 1032 priris
585 966 679 1031 aceepit,
697 980 760 1013 arma
766 974 808 1031 pre
815 966 893 1032 patria
905 982 949 1016 nere

144 1094 150 1106 ,
188 1044 275 1113 ceprffe;
292 1060 358 1112 neque
369 1044 469 1095 Patribus
473 1045 530 1110 fietis
541 1043 644 1105 decorum,
653 1053 695 1109 per
705 1051 784 1091 maun
789 1043 869 1109 potiris,
880 1046 952 1109 qua'm

185 1123 293 1191 postmodo
304 1123 420 1188 mturare,
436 1122 520 1185 affliiiis
534 1121 614 1170 civium
619 1122 706 1187 suorum
711 1119 808 1188 fortunis
818 1121 909 1188 confideri
927 1139 957 1187 e..

190 1203 315 1253 Concioni
326 1200 413 1251 deinde
423 1198 504 1250 edicto
515 1198 611 1248 addidit
627 1197 709 1263 fidem,
727 1212 779 1263 quo
791 1197 880 1263 edixit,
900 1200 947 1247 Ne

188 1279 236 1346 quis
246 1279 320 1327 civem
330 1278 451 1327 Romanum
467 1276 565 1326 vindam
581 1284 619 1325 aut
633 1276 724 1344 rhesum
738 1284 827 1341 teneret,
844 1278 883 1343 qui
901 1276 950 1325 mi·

188 1358 230 1405 mis
245 1355 265 1404 ei
282 1355 371 1405 nominis
388 1354 461 1403 edendi
471 1354 528 1421 apud
541 1350 630 1421 consules
637 1354 730 1421 potestas
737 1354 812 1419 fieret.
846 1354 953 1419 Nequit

189 1432 276 1499 militis,
297 1433 360 1482 donec
377 1434 400 1482 in
415 1431 489 1495 cestris
500 1430 555 1501 mser,
572 1432 623 1482 iona
631 1432 751 1499 pofflderet,
772 1439 809 1481 aut
824 1430 952 1481 uenderet:

190 1509 267 1561 iieres
283 1510 395 1577 nepotesve
413 1511 456 1574 ejus
472 1518 601 1559 moraretur.
636 1512 692 1560 Hoc
710 1506 836 1579 proposito
853 1506 951 1571 editio,

191 1588 226 1651 dt,
236 1588 290 1652 -qui
307 1586 416 1651 aderant,
433 1587 493 1636 nexi
510 1585 622 1654 profiteri
637 1587 765 1669 extemplo
782 1586 899 1647 nomina;
922 1584 952 1636 dt

191 1664 301 1731 undique
321 1679 354 1713 ex
372 1674 425 1713 tota
444 1664 507 1713 urbe
524 1665 716 1732 proripientium
736 1662 759 1712 se
778 1678 811 1715 ex
833 1662 963 1735 privato,¹

167 1805 169 1808 .
192 1758 271 1807 quum
288 1740 409 1791 retinendi
426 1741 466 1806 jus
480 1740 597 1796 creditori
616 1758 667 1793 non
686 1740 751 1807 effer,
769 1739 899 1793 concursus
921 1742 952 1792 in

190 1818 284 1883 forum,
301 1827 330 1867 ut
344 1818 496 1869 sacramento
510 1818 627 1884 dicerent,
645 1818 707 1869 fieri.
743 1822 836 1884 Magna
850 1834 878 1868 ea
890 1832 952 1867 ma·

192 1911 239 1946 nus
251 1887 313 1957 suit3
329 1910 408 1963 neque
419 1896 528 1945 aliorum
545 1897 624 1960 magis
641 1895 667 1945 in
679 1894 772 1947 Volsco
787 1898 851 1947 bello
863 1896 951 1947 virtut

191 1980 268 2037 utque
284 1987 360 2039 opera
376 1974 474 2022 enituit.
510 1971 602 2022 Consul
617 1974 701 2041 copias
715 1985 801 2023 contra
813 1972 907 2024 hostem
920 1988 950 2021 e-

191 2048 270 2098 ducit.
288 2065 369 2117 parvo
381 2048 511 2101 dirimente
523 2049 654 2100 intervallo
667 2050 742 2099 castra
753 2052 833 2118 ponit.

226 2130 312 2177 XXV.
330 2128 449 2177 Proximi
460 2127 517 2179 inde
526 2128 598 2179 node
609 2127 703 2194 Volsci,
720 2127 840 2180 discordii
851 2132 952 2179 Rorna-

191 2204 386 2270 nd,freti,·s1qua
398 2205 516 2255 notinrna
528 2206 638 2257 transitio
650 2205 792 2274 proditiove
804 2206 856 2257 fieri
865 2204 952 2273 potue,

192 2292 289 2331 tentant
301 2282 385 2329 castra.
412 2280 510 2330 Sensere
522 2283 629 2346 vigiles:
642 2287 764 2334 excitatus
775 2286 905 2347 exercitus,
918 2284 953 2332 sr-

192 2370 244 2419 gno
262 2356 334 2403 dato:
353 2355 500 2407 concursum
511 2358 545 2405 est
556 2358 587 2407 ad
599 2374 675 2409 arma.
694 2364 732 2411 Ita
744 2362 830 2413 frustra
841 2361 866 2411 id
878 2364 950 2411 ince·
970 2419 978 2433 N

149 2487 152 2494 ‚
192 2441 265 2501 ptum
276 2430 437 2501 Volscissuit.
464 2434 586 2501 reliquum
598 2434 675 2488 nodis
687 2441 802 2507 utrinque
814 2440 890 2507 quieti
902 2438 950 2489 da·

190 2518 255 2558 turn.
272 2509 371 2560 Postero
382 2509 421 2559 dic
433 2513 513 2579 primi
523 2513 578 2563 luce
590 2514 682 2582 Volsci,
701 2518 765 2568 ioffis
777 2519 881 2585 repletis,
894 2516 952 2567 val·

190 2586 244 2635 ium
253 2586 382 2638 invadunt.
418 2590 522 2657 Jamque
532 2590 564 2640 ab
572 2594 640 2642 omni
649 2607 718 2661 parte
729 2596 882 2645 munimenta
892 2594 951 2645 vel-

192 2662 313 2729 lebantur,
332 2680 409 2731 quum
426 2667 521 2731 consul,
539 2682 679 2735 quanquam
691 2670 771 2722 cunni
785 2672 902 2737 undique,
920 2671 953 2724 δε

192 2741 253 2789 nexi
264 2751 320 2789 ante
333 2758 426 2806 omnes,
443 2755 472 2794 ut
483 2744 579 2809 signum
590 2740 665 2815 daret,
682 2750 829 2813 clamabant,
847 2749 950 2816 experi-

191 2816 250 2865 endi
265 2818 361 2867 animos
374 2820 483 2869 militum
499 2822 573 2871 causi
593 2838 722 2895 parumper
739 2838 858 2893 moratus,
880 2825 950 2893 post-

191 2890 269 2956 quam
281 2891 336 2942 satis
347 2896 482 2962 apparebat
493 2896 579 2961 ingens
592 2902 673 2970 ardor,
691 2906 749 2956 dato
761 2904 860 2955 tandem
874 2903 905 2952 ad
920 2920 950 2951 e-

189 2970 358 3040 rumpendum
367 2970 444 3051 tigno,
461 2974 566 3033 militent
579 2979 681 3041 avidum
693 2984 831 3045 certaminis
843 2981 951 3055 emittit.

817 3080 821 3085 ·
858 3058 950 3120 huno
