2117 3642
190 228 240 302 1594
447 238 677 295 mL1vt1

187 326 236 397 t'or,
254 332 279 383 a
290 342 359 384 atate
368 332 420 397 jam
438 335 529 397 gravia.
566 336 619 385 Nec
632 334 688 386 satis
704 336 806 402 condat,
825 354 870 391 eur
881 344 936 411 pri·

187 404 242 461 mus
254 428 282 461 ae
294 412 428 479 potissimus
445 410 485 460 ad*
493 427 591 461 novum
602 411 759 464 delibandum
771 416 893 469 honorem
905 422 935 473 sit

186 489 292 538 habitus.
328 490 378 539 Alii
392 493 438 538 Cn.
453 490 561 539 Cornelii
579 490 668 552 fratris,
685 494 729 557 qui
744 493 857 547 tribunus
867 499 934 548 mili-

186 575 238 614 tum
250 567 333 635 priore
348 583 414 617 anuo
426 566 514 629 suerat,
532 567 673 634 triplexque
683 570 830 637 stipendium
842 577 933 640 equiti-

184 644 229 694 bus
241 645 348 710 dederat,
359 646 437 711 gratli
449 645 586 697 extradium
595 646 625 695 ad
637 658 733 698 tantum
745 651 867 702 honorem
878 668 932 702 ere-

182 718 254 773 dunt.
288 725 329 774 alii
352 724 490 775 orationem
506 722 586 791 ipsum
599 727 769 792 tempestivam
784 728 814 777 de
826 745 931 780 eoncor-

182 800 223 851 dia
235 802 358 866 ordinum,
371 802 482 853 Patribus
493 804 608 870 plebique
617 816 721 869 gratam,
739 806 857 857 habuisse.
874 811 931 858 Hac

181 877 287 929 uisiorii
305 880 464 929 comitiorrun
481 879 630 929 exsultantes
647 882 741 932 tribuni
760 882 843 951 plebia,
861 886 930 950 quod

181 958 290 1023 maximi
303 956 479 1025 rempublicam
497 956 654 1025 impediebat,
672 959 703 1009 de
718 962 812 1011 tributo
829 962 928 1012 remise-

180 1044 248 1083 runt.
274 1033 390 1085 collatum
407 1033 558 1099 obedienter,
576 1034 721 1102 missumque
740 1037 772 1088 ad
789 1038 928 1090 exercimm

180 1110 222 1163 etl.

214 1188 288 1237 XIII.
308 1190 397 1237 Anxur
408 1187 434 1236 in
446 1184 544 1237 Volscis
560 1186 632 1237 brevi
645 1200 772 1256 receptum
782 1189 824 1254 esl,
842 1188 927 1256 negle-

175 1258 222 1317 itis
235 1264 274 1315 die
285 1265 345 1317 sesto
357 1264 470 1315 custodiis
478 1266 554 1315 urbis.
589 1268 694 1331 mugnis
703 1282 781 1319 annus
791 1268 872 1320 hieme
883 1282 928 1334 gc-

178 1344 228 1395 lidi
239 1361 267 1393 ac
279 1342 433 1413 nivositsuit,
450 1342 512 1393 adeo
524 1354 553 1392 ut
569 1344 618 1394 viae
632 1342 726 1409 clausa,
744 1346 844 1396 Tiberis
854 1348 926 1396 iuna-

178 1422 293 1486 vigabilis
310 1419 393 1470 suerit.
410 1436 509 1471 annona
526 1434 559 1470 ex
570 1424 627 1472 amc
646 1421 767 1472 convena
780 1423 852 1491 copia
862 1424 926 1475 nihil

177 1497 295 1550 mutavitss
318 1502 350 1549 Et
362 1500 420 1565 quia
431 1502 459 1549 P.
471 1498 591 1564 Licinius,
607 1511 636 1549 ut
647 1510 745 1569 ceperat
756 1501 822 1552 haud
832 1502 924 1552 tumul·

178 1580 247 1627 tuone
259 1578 434 1643 magistratum,
450 1577 546 1641 majore
560 1577 652 1642 gaudio
671 1579 756 1647 plebis,
773 1584 847 1645 quam
858 1579 924 1631 indi·

175 1656 295 1721 guntione
307 1657 414 1721 Patrum,
427 1655 461 1704 ita
473 1656 548 1705 ctiam
555 1655 624 1721 gessit
629 1674 636 1716 ς
649 1655 753 1708 dulcedo
764 1654 854 1706 invasit
863 1672 924 1725 pro·

176 1733 250 1785 xlmis
267 1732 375 1785 comitiis
392 1734 550 1784 tribunorum
566 1734 674 1784 militum
692 1734 801 1801 plebelos
812 1734 921 1786 creandi.

168 1809 244 1863 'Unus
251 1814 289 1861 M.
297 1812 415 1862 Veturius
426 1825 460 1861 ex
471 1810 581 1879 patriciis
588 1808 722 1861 candidatis
732 1810 816 1863 locun
826 1811 922 1862 tenuit:

173 1886 284 1961 plebeios
294 1886 355 1941 alios
366 1887 479 1941 tribunos
497 1887 606 1941 militum
622 1886 744 1942 consulari
761 1886 880 1959 potestate
891 1900 922 1941 o·

173 1982 243 2022 mnes
253 1966 303 2021 sere
314 1968 429 2019 centuria
440 1964 534 2030 dixere,
551 1969 591 2017 M.
603 1966 777 2035 Pomponium,
795 1970 825 2016 C.
837 1962 921 2015 Duili-

173 2061 226 2115 um,
244 2046 395 2097 Voleronem
413 2044 555 2108 Publilium,
574 2046 620 2094 Cu.
634 2045 783 2107 Genucium,
799 2044 832 2093 Ι..
845 2038 921 2093 Atili·

173 2138 226 2177 um.
261 2125 368 2175 Tristem
386 2125 501 2189 hiemem,
519 2123 571 2173 sive
586 2136 619 2172 cx
636 2123 780 2190 intemperie
799 2120 863 2184 eceli,
878 2134 921 2171 ta·

173 2194 237 2272 ptim
248 2200 386 2251 mutatione
403 2200 429 2249 in
445 2200 598 2249 eontrarium
613 2196 685 2263 satid,
702 2198 753 2247 five
763 2198 811 2247 alia
828 2194 922 2263 quade

173 2277 252 2343 causa,
262 2276 344 2341 gravis
355 2274 512 2343 pestilensque
521 2274 637 2324 omnibus
644 2274 791 2325 animalibus
800 2273 865 2325 allas
872 2287 920 2323 ex·

172 2353 246 2419 cepit.
265 2352 334 2415 cujus
345 2350 472 2401 insanabili
490 2351 600 2419 pernicie
611 2350 711 2415 quando
727 2366 773 2400 nee
790 2349 861 2400 causa
872 2363 920 2401 nee

171 2427 228 2491 finis
245 2430 425 2493 inveniebatur,
447 2428 504 2478 libri
523 2428 636 2493 Sibyllinl
654 2443 688 2477 ex
707 2426 918 2478 senatusconsulto

170 2506 231 2559 aditi
243 2505 306 2557 suut.
325 2507 459 2557 Duumviri
472 2506 545 2555 sacris
555 2504 684 2569 faciundis,
700 2504 845 2568 leslitlemio
856 2515 920 2557 utne

170 2576 277 2659 primum
289 2584 314 2633 in
325 2584 385 2633 urbe
400 2586 513 2633 Romana
524 2582 599 2646 fallo,
616 2596 660 2651 per
671 2581 722 2631 dine
740 2581 798 2632 odio
819 2582 916 2649 Apolli-

128 2695 132 2701 ·
170 2676 236 2725 nem,
254 2661 425 2727 Latonamque
437 2661 461 2711 dc
473 2660 588 2722 Dlanam,
605 2659 745 2723 Herculem,
762 2659 918 2711 Mercurium

169 2728 242 2803 atquo
254 2740 398 2804 Neptunum
410 2738 495 2801 tribus,
512 2740 586 2803 quam
597 2735 737 2804 amplislime
748 2746 801 2786 tum
813 2750 918 2803 appam-

168 2806 189 2865 r'i
209 2823 314 2881 poterat,
331 2815 408 2863 llratls
426 2812 492 2865 leuis
510 2812 648 2881 placavere.
683 2813 804 2863 Privatim
816 2828 917 2879 quoque

168 2888 193 2939 id
206 2888 300 2938 sacrum
312 2890 460 2938 celebratum
472 2887 514 2937 est.
538 2890 591 2938 tota
603 2890 665 2939 urbe
675 2891 817 2957 patentibus
824 2889 916 2955 januis,

167 2962 358 3037 promiscuoque
371 2964 413 3013 usu
426 2976 506 3014 rerum
518 2968 631 3016 omnium
643 2968 667 3015 in
680 2967 814 3033 propatulo
825 2964 915 3031 potito,

167 3034 240 3094 notos
251 3037 399 3109 ignotosque
415 3036 501 3109 paffim
517 3039 626 3094 advenas
641 3040 668 3093 iu
680 3039 817 3108 hospitium
811 3036 916 3167 ἔξω

175 3129 178 3137 .
884 3121 912 3179 τί
