2117 3642
265 298 270 309 N
376 224 401 275 1.
417 224 431 275 1
448 226 468 273 B
484 224 546 275 ER
579 225 616 273 V.
823 234 871 285 293

125 312 179 371 teris
189 312 272 379 gravis
283 326 338 363 reus
356 311 511 374 condemnat,
528 310 695 375 nequicquam
708 307 794 372 Sergio
805 310 875 357 Mar·

124 401 175 459 tem
191 406 351 441 communem
370 390 427 440 belli
445 390 617 451 fortunamque
630 387 770 448 accusante,
790 386 875 449 Virgi-

124 469 170 528 uio
179 467 333 535 deprecante,
351 460 382 516 nc
394 466 517 517 infelicior
528 466 606 527 domi,
624 469 698 529 quam
716 465 820 527 militia,
838 462 875 511 es-

68 592 78 609 ,
124 542 171 593 set.
206 547 236 595 In
247 547 292 595 hos
303 544 373 595 versa
385 547 422 595 ira
436 543 523 611 populi
536 542 702 609 cooptationis
717 542 876 591 tribunorum

125 620 275 687 smudisqne,
292 634 378 673 contra
395 623 474 687 legem
493 619 650 689 Treboniam
664 616 741 679 saslae,
758 618 876 667 memori-

126 714 168 749 am
182 700 311 749 obscuram
329 700 397 749 lecit.
432 696 546 747 Visiores
563 694 667 767 tribuni,
684 705 712 742 ut
733 693 877 760 praesentem

125 776 263 827 mercedem
271 778 359 841 judicii
372 777 454 845 plebes
469 776 580 837 haberet,
597 774 677 835 legem
687 774 808 835 agrariam
818 788 877 839 pro-

126 854 247 919 mulgant,
265 858 433 920 tributumque
454 852 562 904 conserri
582 849 731 917 prohibent:
749 865 826 915 quum
839 858 880 899 tot

128 932 279 981 exercitibus
292 931 411 998 stipendio
420 928 561 997 opusesset,
572 928 657 993 resque
668 929 763 999 militia
774 928 808 975 ita
820 942 879 994 pru·
899 955 901 959 ·

126 1008 195 1073 speri:
206 1020 355 1072 gererentur,
371 1019 399 1057 ut
419 1008 488 1057 nullo
505 1006 572 1055 bello
589 1008 717 1055 veniretur
733 1004 766 1055 ad
781 1006 880 1055 exitum

127 1082 189 1151 spei.
207 1100 312 1150 namque
324 1086 393 1147 Vejis
412 1084 494 1144 castra,
513 1098 567 1149 quae
578 1083 662 1133 amissa
680 1096 757 1146 erant,
776 1099 878 1150 recupe-

128 1171 183 1211 tata
195 1162 298 1211 castellis.
306 1160 467 1227 praesrdiisque
480 1160 616 1209 sinuantur.
651 1164 772 1211 Praeraut
784 1161 880 1210 tribuni

127 1237 237 1295 militium
248 1232 410 1295 nutriminis
422 1238 447 1287 ἃ
462 1237 612 1286 K.*Fabius.
637 1240 677 1285 M.
690 1239 766 1287 Furio
787 1238 812 1285 in
831 1239 879 1285 Fa-

127 1312 201 1379 liscis,
219 1316 244 1365 8:
265 1319 314 1364 Cn.
332 1316 448 1365 Cornelio
466 1315 491 1365 iu
513 1318 638 1380 Capenate
653 1330 715 1379 agro
728 1315 806 1365 hoslcs
818 1316 881 1365 nulli

28 1432 32 1446 ,
129 1400 200 1459 ςκῑτα
211 1394 304 1442 muenia
312 1392 425 1441 inventi:
445 1390 529 1457 praedae
541 1390 607 1455 atta,
625 1392 791 1459 incendiisque
806 1392 879 1441 villa·

127 1484 185 1529 runt
196 1486 225 1519 ac
241 1468 341 1535 srttgrrm
358 1471 449 1521 vallati
459 1470 537 1521 fines:
555 1469 648 1538 oppida
663 1482 815 1538 oppugnata,
832 1486 880 1522 nec

127 1545 221 1597 obsessa
233 1545 298 1597 sunt.
334 1552 368 1599 At
380 1550 404 1599 in
415 1547 519 1611 Volscis,
537 1548 689 1615 depopulato
700 1564 769 1613 agro,
788 1552 880 1600 Anxur

126 1625 290 1690 nequicquam
307 1638 488 1693 oppugnatum,
505 1627 563 1677 loco
583 1626 633 1677 alto
651 1625 741 1687 fitum3
759 1627 793 1692 dc,
810 1628 876 1695 post'·

127 1717 204 1769 quam
215 1703 254 1751 vis
265 1703 334 1751 irrita
350 1715 411 1767 erat,
428 1704 496 1754 vallo
516 1702 630 1769 sossique
640 1704 746 1754 obsideri
758 1716 877 1772 eoeptum.

128 1778 230 1845 Valerio
241 1781 326 1830 Potito
338 1780 424 1831 Volsci
439 1782 570 1847 provincia
583 1792 708 1830 evenerat.
743 1783 800 1830 Hoc
815 1782 880 1833 statu

124 1856 272 1915 militarium
279 1872 369 1923 rerum,
379 1857 467 1908 seditio
479 1858 592 1914 intellina
600 1858 696 1921 majore
707 1857 773 1907 mole
781 1852 880 1920 coorta,
891 1888 895 1893 -
939 1898 944 1918 ,

125 1938 202 1999 quam
217 1933 283 1981 bella
299 1934 474 1985 trasiabantur.
493 1936 527 1997 ἃ,
545 1949 622 1998 quum
638 1933 760 1983 tributum
769 1934 881 1985 conserti

126 2010 297 2077 pestribunos
308 2026 360 2061 uon
371 2010 458 2078 posset,
473 2025 519 2060 nec
531 2008 678 2075 stipendium
690 2004 882 2075 imperatoribus

127 2086 276 2148 mitteretur,
288 2102 384 2152 aeraque
392 2088 509 2139 militaria
520 2087 645 2152 flagitaret
655 2086 733 2148 miles,
744 2086 809 2137 haud
819 2104 881 2155 prm

129 2162 242 2225 tulerat,
260 2164 320 2229 quin
335 2164 410 2215 castra
425 2180 523 2231 quoque
535 2164 635 2215 urbana
652 2163 778 2214 seditionis
792 2177 879 2217 conta

128 2239 206 2303 grone
216 2238 382 2291 turbarentur.
393 2245 460 2293 Inter
470 2242 513 2292 has
523 2242 571 2291 iras
579 2241 690 2309 plebisin
700 2243 791 2305 Patres,
801 2259 881 2309 quum

128 2313 224 2365 tribuni
235 2316 312 2381 plebis
323 2332 389 2369 nunc
401 2318 459 2369 illud
472 2329 568 2386 tempus
579 2318 626 2369 esse
634 2318 745 2369 dicerent
754 2314 878 2373 stabilien-

128 2391 167 2445 dae
175 2392 300 2458 libertatis,
317 2394 343 2445 u
353 2394 386 2446 ab
397 2398 484 2461 Sergiis
496 2396 665 2463 virginiisquc
676 2395 707 2447 ad
718 2396 829 2465 plebeios
837 2402 879 2451 vi·

128 2484 172 2523 tos
181 2468 258 2521 sortes
269 2486 299 2521 ac
310 2470 417 2523 strenuos
429 2472 590 2525 transferendi
602 2474 690 2523 summi
699 2473 801 2523 honoris
806 2496 814 2536 ;
824 2493 878 2527 nou

128 2558 212 2598 tamen
222 2548 287 2599 ultra
297 2548 434 2611 processum
443 2550 484 2612 eli,
502 2555 577 2615 quam
593 2561 621 2599 ut
629 2565 693 2598 unus
704 2564 736 2598 ex
746 2551 830 2615 plebe,
847 2568 879 2600 u-

130 2622 244 2693 surpandi
254 2622 315 2685 juris
330 2624 410 2685 causi,
428 2624 455 2672 P.
468 2624 580 2673 Licinius
593 2624 684 2673 Calvus
693 2624 805 2674 tribunus
813 2627 879 2675 mili·

129 2707 183 2747 tum
194 2696 316 2749 consulati
333 2698 451 2764 potestate
461 2708 600 2747 crearetur:
618 2698 693 2747 ceteri
702 2699 799 2765 patricii
810 2716 879 2751 crea·

129 2777 148 2847 ti
161 2777 188 2824 P.
201 2776 316 2838 Manius,
333 2777 366 2825 L.
376 2776 494 2838 Titinius,
513 2778 541 2825 P.
553 2774 659 2838 Maelius,
677 2778 708 2824 1..
721 2778 809 2829 Furius
820 2782 878 2829 Me·

128 2848 245 2917 dullinus,
262 2853 294 2901 L.
306 2850 425 2901 Publilius
437 2850 551 2901 Volscus.
566 2850 621 2919 Ipsa
635 2852 718 2919 plebes
731 2854 879 2919 mirabatur,

129 2920 154 2977 se
164 2938 257 2977 tantam
268 2943 320 2977 rem
331 2926 478 2989 obtinuill'e5
495 2944 547 2979 non
562 2930 582 2979 is
590 2930 674 2995 modo,
686 2934 729 2997 qui
741 2944 836 2982 creatus
851 2947 878 2980 e·
910 2929 913 2933 ’

129 3013 177 3073 rat,
194 3003 235 3055 vir
242 3004 315 3055 nullis
324 3007 381 3057 ante
391 3002 603 3074 honoribususus,
619 3018 691 3061 retus
703 3006 879 3064 tautumsena.
