2117 3642
190 220 241 271 320
457 217 493 266 T.
528 216 684 267 L1v11

194 303 279 353 testate
291 301 315 354 in
328 303 493 370 insequentem
504 323 597 357 annum
609 319 760 358 crearentur.
796 312 856 374 Quo
868 310 946 378 sallo,

195 381 261 432 haud
281 381 347 433 secut
366 389 440 449 quim
459 383 562 450 dignum
576 396 636 448 emt,
654 386 740 436 insensr
759 388 834 452 Galli,
850 390 946 441 bellum

194 460 323 527 propalam
335 462 463 525 minantes,
480 463 512 512 ad
522 463 588 514 duos
606 464 719 513 redeunt.
756 467 865 516 Tribuni
876 469 944 517 mili-

193 545 249 584 tum
261 551 318 586 cum
329 538 407 587 tribus
418 539 500 588 Fabiis
513 540 589 588 creati
602 543 636 603 Q.
648 542 769 607 Sulpicius
778 545 888 608 Longus,
907 548 944 609 q.

193 611 311 662 Servilius
320 618 442 677 quartum,
461 619 510 663 Ser.
526 615 653 665 Cornelius
659 617 848 681 Maluginensis.

227 691 367 738 xxxvll.
386 694 471 754 Quum
489 687 650 740 tunta'molet
668 693 726 741 mali
745 693 851 757 instaret,
868 691 943 755 (adeo

183 761 300 816 'occaecat
310 767 405 816 animos
416 767 525 829 fortuna,
537 767 580 817 ubi
591 768 645 816 vim
656 766 724 817 suam
736 768 892 832 ingruentem
903 784 943 820 re·

193 841 269 908 iringi
284 858 334 892 non
354 843 418 907 v'ult)
435 843 531 906 civitas,
549 857 604 908 quae
619 843 734 894 adversus
751 845 894 895 Fidenatem
912 860 943 897 ac

192 919 324 983 Veientem
341 920 434 969 hostem
454 919 563 986 aliosque
583 919 701 970 finitimos
721 923 837 988 populos,
854 922 942 978 ultitm

190 999 320 1064 experiens
331 998 432 1060 auxilia,
449 996 592 1048 didatorem
610 999 694 1047 multis
709 999 890 1066 tempestatibus
901 999 940 1048 di·

191 1074 278 1137 xillet;
294 1091 324 1125 ea
341 1085 410 1140 tunc,
426 1076 554 1126 invisitato
565 1088 640 1142 atque
657 1077 770 1128 inaudito
780 1079 848 1128 holle
862 1078 895 1128 ab
910 1094 940 1128 o·

191 1167 271 1203 eeano
282 1165 450 1218 terrarumque
461 1153 554 1204 ultimis
566 1156 615 1203 oris
626 1154 718 1204 bellum
726 1145 814 1219 ciente,
825 1156 887 1206 nihil
895 1169 940 1206 ex·

192 1225 350 1282 traordinatii
372 1232 469 1299 imperii
487 1242 531 1280 aut
553 1233 643 1280 auxilii
667 1231 787 1296 quesivit.
823 1233 941 1294 Tribuni,

191 1321 299 1376 quorum
316 1309 455 1358 temeritate
473 1308 565 1357 bellum
582 1306 735 1359 contradunt
754 1319 815 1373 erat,
840 1310 941 1360 summe

192 1399 275 1442 rerum
295 1395 435 1452 preerant:
463 1383 632 1450 deleiitunque
652 1386 733 1436 nihilo
745 1387 940 1450 ,accuratiorem

191 1467 267 1530 quim
281 1461 313 1513 ad
329 1462 411 1512 media
421 1461 485 1511 bella
501 1461 587 1512 haberi
596 1461 681 1513 solitus
692 1474 753 1528 erat,
770 1463 942 1525 (extenuantes

178 1539 268 1590 ·etiam
279 1538 370 1589 famam
382 1539 449 1602 belli)
461 1538 592 1589 habebant.
609 1542 713 1606 interim
725 1542 803 1605 Galli,
811 1541 939 1608 postquam

192 1631 316 1683 accepere,
325 1615 391 1665 ultro
401 1616 522 1666 honorem
531 1615 645 1666 habitum
651 1617 815 1668 violatoribus
822 1618 884 1682 juris
893 1619 940 1670 bu·

191 1695 267 1757 mani,
284 1691 424 1760 elusamque
439 1694 590 1758 legationem
601 1692 670 1744 suam
681 1693 736 1756 else,
752 1697 882 1760 flagrantes
893 1695 939 1759 iri,

192 1771 262 1837 cujus
274 1772 396 1843 impotens
408 1769 440 1820 eli
452 1785 518 1836 gens,
536 1771 664 1822 confestim
675 1772 887 1837 signu-contullit,
902 1773 938 1824 ci·

179 1860 246 1906 ‘tato
257 1851 354 1915 agmine
372 1851 418 1898 iter
434 1849 615 1914 ingrediuntur.
649 1850 690 1899 Ad
706 1863 812 1916 quorum
825 1863 937 1918 praetere-

190 1929 289 1980 untium
299 1928 389 1996 raptim
400 1927 535 1976 tumultum
545 1941 621 1992 quum
632 1927 757 1978 exterrita
767 1928 841 1978 urbes
855 1926 887 1978 ad
898 1941 938 1978 ar·

190 2024 232 2061 ma
243 2016 424 2070 concurrerent,
441 2004 549 2071 fugaque
559 2005 688 2070 agrestium
698 2005 777 2070 fieret,
793 2008 902 2056 Romam
913 2003 938 2058 fe

178 2088 240 2152 ire,
253 2101 344 2149 magno
364 2085 471 2135 clamore
489 2083 669 2148 figrrificabant5
694 2097 841 2149 quacunque
859 2083 937 2147 ibant,

178 2166 260 2231 “equis
271 2161 379 2227 virisque
390 2163 464 2226 longe
471 2175 499 2212 ac
511 2163 559 2211 lati
567 2160 622 2213 suso
630 2163 729 2226 agmine
737 2160 882 2212 inmensum
891 2162 937 2212 ob·

178 2243 296 2294 ·tinentes
308 2239 367 2289 loci.
397 2235 452 2303 Sed,
469 2239 629 2289 antecedente
648 2239 713 2289 fama
724 2239 867 2304 nunciisque
880 2239 937 2290 clu-

179 2317 307 2378 linomm,
318 2316 433 2383 deinceps
445 2316 503 2366 inde
514 2317 620 2366 aliorum
630 2317 788 2385 populorum,
804 2319 938 2384 plurimum

188 2395 288 2448 terroris
299 2397 405 2444 Romam
417 2391 526 2443 celeritas
538 2395 644 2446 hostium
653 2397 724 2446 nuit..
737 2396 828 2463 quippe
836 2395 935 2460 quibui,

188 2475 259 2525 velut
270 2472 431 2522 tumultuario
449 2473 561 2522 exercitu
574 2474 664 2540 raptim
674 2473 758 2537 duilo,
775 2476 836 2538 aegre
846 2471 878 2523 ad
888 2489 936 2524 un·
948 2467 953 2471 ’

175 2553 312 2606 'decimum
331 2550 438 2618 lapidem
460 2549 591 2600 occursum
611 2551 652 2614 eil,
677 2553 726 2617 qud
748 2554 838 2602 flumen
862 2551 936 2617 allia,

189 2628 350 2681 Crustuminis
368 2627 494 2677 montibus
517 2627 617 2694 praealto
637 2628 746 2681 defluens
764 2630 846 2692 alveo,
871 2629 938 2680 haud

189 2708 295 2760 multum
307 2703 371 2756 inira
382 2707 451 2755 viam
465 2704 589 2755 Tiberino
602 2708 671 2756 amni
681 2707 806 2756 miscetur.
841 2708 897 2770 Jam
908 2723 938 2756 o·

174 2785 256 2834 ·nmia
267 2790 353 2834 contre
372 2783 486 2849 circique
503 2780 610 2833 honum
621 2784 695 2851 plena
703 2796 782 2846 erant,
800 2785 894 2837 &nata
912 2783 938 2835 in

175 2879 177 2884 ·
189 2875 269 2910 vanos
279 2859 399 2909 tumultus
410 2872 477 2922 gens,
495 2860 561 2907 truci
578 2871 653 2909 cantu
664 2859 861 2924 clamoribusque
870 2861 938 2908 vari·

176 2936 217 3001 ir,
235 2934 359 2984 horrendo
371 2933 456 2984 cunila
468 2937 656 3002 compleverant
666 2939 737 2988 sono.

174 3031 179 3040 ·
221 3007 544 3068 xxxvn1.·1biua'buni
562 3013 682 3080 militum,
705 3025 758 3066 uon
774 3009 834 3061 loco
852 3009 935 3062 callrit

876 3087 935 3144 tote
