2117 3642
368 244 647 295 arnanvnr.
836 260 884 307 47,

139 350 193 386 rem
205 334 362 399 sororemque
379 334 571 401 olympiadem:
589 346 694 400 quatum
709 341 789 381 mater
799 334 887 395 Magni

140 410 277 465 Alexandri
288 412 370 475 altera,
383 412 452 463 soror
462 413 538 461 altera
550 412 606 461 suit.
642 416 702 461 ilaec
710 411 741 461 de
751 409 887 461 Alexandri

142 487 262 555 Epirensis
273 489 341 537 trisli·
352 492 453 551 eventu,
470 502 611 553 quanquam
622 491 736 539 Romano
754 487 820 538 bellu
835 486 887 536 ior-

140 576 202 614 tuna
215 579 270 613 eum
285 568 406 629 abstinuit,
424 578 514 627 tamen,
533 566 591 629 quia
610 564 636 613 in
653 567 725 615 ltalia
736 566 799 616 bella
811 563 887 630 geffiq

141 641 228 717 paucis
237 641 322 695 dixisse
332 646 388 693 sati's
400 643 439 691 fit.
883 696 886 704 .

175 722 261 771 XXV..
278 721 375 771 Eodem
399 732 465 767 anno
487 715 657 770 letiisternium
678 719 772 781 Romae,
801 718 889 780 quinto

139 794 193 862 post
210 796 335 846 conditam
352 796 447 855 unbem,
465 792 559 856 iisdem,
575 792 665 857 quibus
683 797 748 855 anti,
765 792 888 859 placandis

138 871 252 921 habiturn
264 872 296 921 esi
308 874 371 922 Diis.
406 872 476 921 Novi
488 869 576 918 deinde
593 868 705 919 consules
719 868 785 932 jussu
801 867 888 935 populi

139 962 216 1013 quum
234 948 355 1011 misissent,
373 948 415 1013 qui
429 948 571 997 indicerent·
581 947 845 1005 Samnitibusbellurm
862 942 888 995 ἃ

139 1023 184 1091 ipsi
196 1026 289 1087 majore
300 1036 399 1087 conatu,
418 1030 489 1089 quam
499 1022 618 1071 adversus
626 1026 734 1087 Graecoe,
751 1021 837 1073 euntia
847 1038 889 1089 pa-

139 1100 245 1161 rabant,
260 1102 340 1151 &alia
357 1116 425 1151 nova
439 1101 506 1149 nihii:
517 1110 570 1148 tum
586 1101 671 1155 animo
682 1102 730 1151 tale
738 1100 889 1164 agitantibus

139 1175 288 1231 accesserunt
299 1179 400 1229 auxilia.
435 1178 531 1227 Lucani
543 1188 617 1241 atque
629 1180 713 1245 Apuli,
729 1179 819 1244 quibus
827 1189 887 1247 geor

140 1250 207 1299 tibus
221 1252 326 1303 nihilad
335 1270 389 1312 earn
399 1256 464 1307 diem
482 1270 540 1303 cum
555 1257 671 1304 Romano
688 1255 784 1321 populo
798 1254 888 1318 suem,

139 1327 166 1375 in
178 1326 252 1393 fidem
263 1342 393 1395 venerunt,
410 1346 480 1381 arma
490 1331 610 1396 virosque
618 1332 753 1383 ati-bellum
767 1332 887 1398 pollicem

139 1416 186 1454 ten·
204 1404 293 1455 soedere
301 1423 361 1473 ergo
372 1410 398 1459 in
408 1410 762 1476 amicitiamacceprimndem
777 1416 889 1474 tempore

138 1482 216 1533 eriam
236 1486 263 1535 in
280 1488 380 1537 Samnio
396 1502 434 1539 ree
450 1486 567 1555 prospere
585 1488 660 1553 gesta.
685 1488 741 1537 'tria
758 1486 850 1555 oppida
861 1487 888 1537 in

138 1561 285 1629 potestatem
301 1576 432 1631 venerunt,
451 1564 541 1630 Allisae,
559 1566 662 1632 Callisz,
679 1565 819 1617 nuntium:
842 1565 887 1615 ali·

136 1640 216 1705 usquo
226 1656 284 1705 ager
299 1646 381 1709 primo
399 1645 509 1695 adventu
521 1644 650 1697 consulum
662 1644 738 1710 longe
747 1646 843 1712 late'qne
854 1644 887 1695 esi

138 1716 298 1782 pervasimus·
333 1722 389 1769 Hoc
400 1720 466 1769 bello
479 1733 529 1769 tarn
545 1722 660 1787 prospere
672 1722 809 1783 commisso,
820 1724 886 1771 alto·

62 1788 65 1804 ¹
137 1793 160 1843 ri
177 1806 276 1859 quoque
294 1794 368 1857 bello,
390 1810 440 1859 quo
459 1797 540 1846 Graeci
558 1796 740 1857 obfidebantur,
756 1795 809 1856 jam
829 1794 887 1845 finit

57 1906 59 1911 ,
90 1912 97 1916 .
136 1870 313 1932 aderatanam,
331 1869 580 1935 praeterquamquod,
597 1868 886 1935 interseptinmun'tmen·

126 1946 169 1993 *tit
180 1944 294 2007 hostium,
312 1958 367 2009 pars
379 1944 442 2009 pa'rti
454 1942 554 2013 abscisi}
565 1955 624 2005 erat,
641 1944 744 1994 surdiora
758 1942 886 2007 aliquanto
936 1940 938 1945 ’

136 2020 204 2071 intra
213 2034 299 2068 muros
309 2021 346 2081 iis,
363 2020 452 2083 quibus
467 2018 541 2069 hostis
560 2018 697 2081 territabat,
714 2018 886 2083 patiebantur:

99 2094 101 2099 “
136 2094 164 2143 dt
178 2092 247 2142 velut
258 2096 324 2161 capti
338 2100 353 2145 a
367 2092 466 2144 suismet
478 2094 535 2161 ipsis
543 2093 666 2161 praefidiis,
682 2092 784 2157 indigna
795 2092 886 2154 jamli-

136 2170 202 2221 beris
216 2186 316 2236 quoque
326 2186 356 2223 ac
372 2172 528 2237 conjugibus,
546 2172 572 2221 a
581 2186 635 2237 quae
649 2181 777 2238 captarum
786 2170 886 2223 urbium

59 2296 70 2313 Ν
137 2253 247 2299 extrema
259 2247 322 2313 sunt,
341 2252 505 2317 patiebantur.
524 2253 612 2316 Itaque
624 2256 710 2315 quum,
728 2248 776 2299 &a
788 2251 885 2302 Taren?

138 2334 166 2377 io
181 2325 206 2373 tr
218 2330 232 2373 a
242 2328 401 2390 Samnitibus,
418 2327 484 2379 sama
500 2326 565 2391 esset,
582 2342 651 2376 nova
665 2326 758 2384 auxilia
770 2334 885 2391 ventura,

138 2403 284 2453 Samnitium
294 2404 355 2470 plus,
363 2410 439 2471 quim
448 2405 552 2469 vellent,
561 2407 626 2455 intra
637 2405 729 2455 mnmia
738 2400 784 2453 esl'e
795 2402 885 2453 reban-

137 2486 194 2553 tur:
213 2484 408 2533 Tarentinorum
417 2484 585 2547 juventutem,
603 2484 685 2531 Graeci
695 2485 805 2540 Graecos,
818 2482 884 2533 haud

135 2556 218 2605 minda
230 2572 273 2622 per
283 2573 345 2621 quos
355 2560 457 2607 Samniti
468 2559 625 2619 Nolanoque,
642 2561 717 2619 quam
729 2565 756 2601 ut
766 2557 885 2605 Romania

136 2630 245 2687 hosispus
264 2632 404 2692 resisterent,
428 2632 610 2697 exspetlabant.
646 2630 771 2679 Postremo
792 2629 884 2679 levisfi·

134 2726 204 2761 nrum
223 2709 344 2757 malorum
359 2708 453 2757 deditio
465 2709 496 2758 ad
514 2712 641 2758 Romanos
658 2706 720 2755 visa.
757 2707 884 2759 Charilaus
916 2713 922 2717 ’

136 2786 161 2835 de
175 2784 322 2851 Nymphius,
340 2785 460 2850 principes
478 2784 595 2846 civitatis,
615 2784 803 2855 communicato
819 2786 884 2835 inter

136 2860 161 2911 se
178 2861 288 2924 consilio,
305 2868 386 2927 partes
403 2861 434 2911 ad
450 2876 501 2909 rem
512 2861 633 2924 agendam
648 2860 762 2923 divisere,
780 2873 810 2915 ut
822 2861 884 2920 alter
942 2855 945 2858 ’

136 2936 168 2992 ad
185 2936 356 3005 imperatorem
374 2940 545 2989 Romanorum
561 2938 734 3003 transfugeret,
751 2939 812 2986 alter
826 2935 882 2986 sub·

136 3013 227 3078 sileret
244 3016 275 3069 ad
299 3014 455 3089 prebendam
475 3026 644 3087 opportunam
662 3013 763 3071 eonfilio
785 3015 883 3077 urbem.

754 3092 891 3157 Charilaus,
