2117 3642
187 248 256 295 272*
439 240 667 290 T.L1vll

190 323 275 374 eedem
285 322 389 382 seditiosi
404 327 542 377 tribuna-tris
553 340 636 395 petere
646 329 800 388 ‚consulatum
809 330 934 384 lntimula·

186 400 257 451 bant.
293 406 362 453 Tum
378 404 484 454 delettus
504 406 597 471 haberi,
615 409 755 474 bellumque
765 412 879 459 omnium
891 426 933 459 or-

189 476 275 545 dinum
294 480 412 529 consensu
431 483 544 548 apparari
566 494 686 551 emptum.
721 484 839 535 consulet
858 486 933 536 ambo

168 592 170 597 f
188 554 291 620 proseiii
303 556 348 606 sint
357 558 388 607 ad
400 574 481 608 arcem
494 564 684 624 Carventanam,
698 577 730 610 an
740 563 802 611 alter
811 561 843 611 ad
852 563 934 611 eomi-

188 633 223 681 tia
235 632 346 683 habenda
362 634 501 701 substiterit,
518 638 641 689 incertum
652 638 740 689 diversi
751 640 861 689 autiores
871 638 940 697 fael-¹

187 721 247 761 unt:
265 712 306 761 illa
323 726 369 779 pro
386 727 454 765 certo
472 717 592 781 habenda,
609 716 635 766 in
652 718 741 783 quibus
758 732 808 766 non
825 715 933 767 dillenti·
980 768 988 779 ,

180 798 240 852 unt,
258 790 289 838 ab
301 806 356 839 arce
369 795 524 843 Carventana
536 810 613 859 quum
623 794 668 843 diu
679 795 844 861 nequicquam
855 808 934 861 oppu-
1031 816 1035 822 ·

91 868 94 874 ’
179 876 261 929 'gnata
274 868 339 931 esset,
356 870 488 921 tenellum:
507 871 671 935 Verruginem
689 872 715 922 in
731 872 829 923 Volscis
845 872 933 921 eodem

187 948 298 995 exercitu
313 957 446 1013 receptam,
469 948 692 1015 populationesque
709 951 735 1000 dt
752 950 844 1018 praedas
860 949 885 1001 dt
904 950 931 999 in

185 1025 273 1088 Aliquis
284 1026 308 1075 dt
320 1026 346 1075 in
359 1026 451 1075 Volsco
462 1041 523 1090 agro
537 1027 647 1091 ingentes
658 1026 742 1077 latias.

203 1104 290 1174 ,Lvn
308 1104 395 1151 Romae
406 1102 466 1151 sicut
477 1103 555 1172 plebis
567 1102 672 1154 viiioria
682 1104 730 1153 luit
741 1106 766 1153 in
778 1118 818 1167 eo,
830 1114 866 1168 ut,
875 1116 930 1169 qua

177 1178 294 1242 mallent,
306 1180 408 1229 comitia
419 1181 553 1231 haberent:
571 1184 607 1231 ita
615 1194 708 1231 eveum
718 1183 877 1231 comitiorum
885 1183 930 1229 Pa-

178 1262 234 1310 'tres
246 1259 337 1306 vicere.
356 1270 462 1323 namque
472 1260 565 1309 tribuni
577 1261 684 1309 militum
695 1259 816 1310 consulari
827 1258 933 1327 potesta·

185 1342 211 1383 te
222 1344 309 1385 contra
320 1335 385 1403 spem
397 1336 507 1405 omniunt
520 1346 568 1386 tres
579 1338 676 1403 patricii
686 1334 762 1386 erea'ti
771 1336 835 1400 liunt,
846 1341 876 1400 ς.
886 1339 931 1401 Ju-

182 1410 234 1460 lius
250 1412 325 1474 Iulus,
346 1414 373 1459 P.
394 1412 523 1461 Cornelius
541 1410 635 1473 cnllus,
653 1414 683 1459 C·
704 1413 820 1461 Servilius
839 1412 930 1461 Abala.

183 1493 273 1539 ‘Artem
292 1489 427 1539 adhibitam
442 1488 556 1538 serunt&
576 1487 691 1553 patriciis,
708 1486 788 1551 (eujus
804 1503 846 1536 eos
864 1488 930 1537 Icilii

185 1574 239 1613 tum
256 1580 354 1629 quoque
373 1562 552 1625 insimulabant)
569 1562 635 1627 quod
651 1557 751 1612 turbam
769 1562 931 1626 indignorum
1002 1569 1007 1574 “

186 1641 370 1692 candidatorum
388 1638 575 1691 intermiscendo
593 1640 679 1704 dignis,
695 1640 771 1691 taedio
781 1639 892 1691 sordium
904 1641 932 1690 in

176 1718 328 1784 'quibusdam
344 1720 482 1785 inligniunr,
498 1715 645 1787 populum'a
662 1718 766 1785 plebeiis
775 1716 928 1769 avertissent.

177 1796 290 1847 'Volscos
300 1798 387 1847 deinde
398 1798 425 1847 dt
439 1798 542 1861 AEquos,·
558 1796 600 1844 seu
612 1796 769 1846 Caruentana
777 1810 824 1845 arx
834 1806 932 1847 retentu

150 1934 153 1936 ,
186 1872 212 1921 ln
230 1872 303 1938 spem3
320 1872 362 1922 seu
379 1864 526 1935 Verrugine·
537 1869 649 1920 armillum
661 1870 802 1937 przlidi'um
818 1869 929 1921 aditam

186 1948 347 2016 compulillet,
365 1949 431 1999 lama
442 1944 656 1999 affnms'snnuna
671 1948 699 1997 vi
714 1948 746 1998 ad
755 1947 847 1998 bellum
857 1963 929 1999 enon

83 2035 85 2043 '
175 2039 225 2080 'tos
234 2036 246 2078 ι’
258 2038 332 2096 caput
348 2020 429 2080 r'erurn
441 2029 555 2077 Antiates
563 2026 625 2077 elle:
639 2026 729 2077 eorum
739 2027 833 2091 legatos
842 2022 931 2092 utristi·

176 2124 234 2174 ·que
251 2109 328 2172 gentis
347 2100 453 2173 'populos
472 2104 614 2169 circumlffe‚
625 2104 780 2168 ‘ealligantes
793 2104 928 2169 ignaviam,

175 2184 261 2251 ·quod,
279 2182 355 2232 abditi
372 2182 435 2231 intra
452 2196 545 2247 muros,
563 2181 751 2249 populabundos
772 2182 797 2230 in
808 2183 873 2245 agris
884 2197 929 2230 va·

185 2264 237 2326 gari
259 2264 384 2310 Romanos
402 2262 483 2334 priore
501 2276 577 2323 anno,
607 2264 633 2311 &
655 2262 762 2329 opprimi
785 2260 929 2324 Verruginis

174 2337 327 2407 ipraesidium,
346 2338 403 2403 palli
418 2338 501 2386 oss'ent.
523 2335 643 2401 jamnon
663 2342 785 2389 exercitus
803 2340 948 2390 modun-a

183 2424 270 2476 matos,
288 2411 328 2463 sed
340 2416 449 2463 colonias
467 2417 549 2477 etiarn,
566 2417 593 2463 in
608 2414 663 2465 suos
680 2416 740 2465 lines
752 2417 831 2465 mitti:
849 2430 894 2464 nec
906 2415 926 2464 i-

175 2490 240 2561 'plos
258 2490 332 2540 modd
349 2494 474 2542 Romanius
492 2492 535 2541 sua
552 2486 632 2541 divisa
652 2494 749 2556 babere,
767 2493 807 2543 led
820 2494 927 2543 Ferenti·

175 2582 245 2619 ’nutu
257 2570 331 2619 etiarn
348 2569 379 2618 de
396 2570 421 2619 le
439 2580 540 2637 captum
557 2570 670 2619 Hernicis
681 2570 788 2620 dondlset
822 2570 861 2620 Ad
876 2572 928 2621 baec

123 2638 127 2646 ’
175 2662 260 2712 ·quum
277 2648 487 2697 inflammarentur
503 2650 587 2708 animi,
603 2659 632 2696 ut
645 2648 676 2698 ad
694 2648 805 2715 quosque
823 2658 929 2699 ventum

173 2734 244 2786 erat,
262 2740 376 2773 numerus
384 2725 512 2788 juniorum
524 2724 732 2778 conscribebantr.
767 2728 806 2773 lta
817 2720 930 2774 omnium

184 2802 335 2867 populorum
350 2802 467 2864 juventus
480 2804 584 2850 Antium
596 2802 728 2871 contraiis,
745 2802 779 2851 ibi
792 2802 873 2851 castris
883 2816 929 2867 po·

175 2877 233 2927 'suis
245 2876 338 2943 hostem
349 2879 548 2942 opperiebantur.
584 2877 700 2942 Quaeubi
716 2880 825 2927 tumultu
835 2877 931 2939 majore

183 2954 267 3015 etiam,
284 2958 357 3017 qudm
367 2968 403 3001 res
414 2964 474 3017 erat,
491 2956 639 3004 nunciantur
648 2960 761 3015 Romam,
779 2954 875 3001 senatus
882 2968 929 3002 ex-

175 3030 275 3125 :templo
287 3028 363 3131 (quod
373 3029 400 3080 itt
410 3030 482 3083 'rebus
493 3031 594 3104 trepidis
606 3032 719 3085 ultimum
727 3028 929 3149 eoumumddiriad)
