2117 3642
200 182 235 250 χε
465 175 501 227 Τ.
537 176 695 229 L1v11

199 263 363 329 consonum,
379 264 502 315 memoria
515 265 671 316 intercidisse.
707 265 826 319 Nondum
842 266 980 323 dedicata
1029 304 1030 313 κ

200 340 573 410 cratincapitolioJovisaedes.
592 345 704 394 Valerius
712 344 885 411 Horatiusque
899 366 976 399 con-

199 420 264 471 sules
275 420 363 485 sortiti,
374 433 430 472 uter
437 420 569 472 dedicaret.
593 423 699 473 Horatio
712 422 778 473 sorte
789 427 888 475 evenit.
920 430 978 477 Pti-

198 498 292 549 blicola
303 498 335 548 ad
346 500 490 564 Vejentium
501 499 594 550 bellum
605 499 736 569 proseiiuS.
760 503 871 567 AEgritis,
884 510 974 570 quam

199 575 306 639 dignum
325 587 385 641 crat,
403 578 481 627 tulere
500 578 595 629 Valerii
612 578 746 642 neccffarii,
772 570 974 632 dedicationem

200 663 254 703 tarn
266 654 355 722 inclyti
366 656 453 724 templi
464 657 571 707 Horatio
583 656 643 706 dari.
662 655 687 705 id
696 658 810 707 omnibus
819 659 907 709 modis
918 661 972 711 im-

201 731 287 799 pedire
298 735 389 800 conati,
406 734 535 803 postquam
551 733 599 785 alia
610 735 696 785 trustra
707 744 800 785 tentata
814 747 896 801 erant,
918 754 970 805 po-

200 808 263 859 stem
277 809 330 874 jam
341 814 433 862 tenenti
445 810 540 861 consuli
551 810 644 862 foedum
654 812 719 861 inter
730 812 902 879 precationem
915 817 970 863 De·

201 889 247 937 tim
263 890 383 939 nuncium
402 890 541 951 incutiunt;
556 898 663 939 mortuum
682 890 727 953 ejus
738 890 811 954 filium
829 888 878 955 effi’,
890 891 968 955 fune·

152 994 162 1005 ·
174 1013 179 1026 ,
196 965 372 1033 fldqnefamiid
382 968 478 1017 dedicare
489 983 536 1017 eum
547 968 650 1034 temptum
658 984 698 1017 non
705 966 770 1033 poffi.
806 970 867 1017 Non
880 967 967 1019 credi-

203 1043 269 1094 derit
279 1044 380 1111 tartum,
397 1061 428 1095 an
439 1055 537 1095 tantum
548 1046 631 1096 animo
642 1043 739 1094 roboris
750 1043 833 1108 fuerit,
850 1060 899 1095 nec
912 1056 967 1095 tra·

201 1123 272 1175 ditur
283 1136 395 1188 certum,
403 1142 448 1175 nec
460 1125 629 1191 interpretatio
640 1123 672 1172 cst
683 1123 772 1173 facilis.
808 1124 881 1175 Nihil
893 1125 966 1177 aliud

201 1202 303 1253 adeum
311 1204 454 1252 nunciuma
464 1202 591 1269 propostto
602 1200 710 1266 aversus,
727 1206 800 1268 quam
811 1212 839 1250 ut
850 1202 968 1253 cadaver

204 1280 288 1331 efferri
297 1280 402 1344 juberet,
420 1290 504 1330 tenens
512 1280 615 1347 postem,
632 1280 799 1349 precationem
809 1281 918 1347 peragit,
939 1281 966 1333 ἃ

190 1358 305 1410 ,dedicat
319 1359 447 1426 templum.
482 1361 541 1409 Haec
554 1359 607 1427 post
619 1356 719 1409 citatior
732 1374 801 1423 reges
812 1358 883 1408 domi
895 1358 965 1411 mili-

203 1438 297 1503 tiaeque
307 1437 373 1502 gesta
380 1438 461 1505 primo
470 1453 546 1488 anno.
580 1435 642 1488 Inde
652 1438 680 1490 P.
691 1436 803 1488 Valerius
813 1437 914 1504 iterum,
926 1440 965 1497 T.

204 1514 553 1585 Lucrettusconsulestaffl„
591 1576 593 1581 ι

242 1597 291 1646 lx.
308 1597 365 1660 Jam
377 1596 509 1661 Tarquinii
520 1595 552 1646 ad
563 1596 663 1646 Lartem
675 1593 815 1659 Porsenam,
834 1592 964 1647 crunnum

205 1683 301 1735 regem,
310 1670 476 1739 perfugerant.
493 1673 537 1737 ibi,
546 1670 672 1723 miscendo
682 1672 808 1733 confilium
819 1670 964 1737 precesque,

207 1764 275 1799 nunc
284 1749 397 1816 orabant,
413 1752 478 1817 nese,
494 1752 590 1801 oriundos
602 1766 628 1801 ex
637 1750 743 1817 Etruscis,
755 1750 965 1817 ejnfiiemsanguinis

206 1827 343 1893 nominisque,
361 1837 444 1895 egentes
454 1829 547 1893 enfidnre
555 1837 684 1894 pateretur:
701 1843 767 1877 nunc
776 1827 911 1877 monebant
921 1837 961 1875 et-

205 1905 269 1970 iam,
280 1922 306 1955 ne
316 1908 418 1957 orientem
428 1922 510 1957 monent
519 1907 611 1972 pellendi
622 1922 682 1974 reges
693 1906 783 1957 inuitum
788 1904 876 1970 fineret.
901 1908 963 1955 Satis

207 1981 491 2055 otmaemtpssmtatm
500 1985 623 2037 dulcedinis.
652 1984 716 2049 Nist,
732 1984 845 2051 quantdvi
859 1983 963 2033 cinntates

206 2078 258 2114 nam
272 2074 380 2132 expetant,
393 2066 456 2115 tnntd
465 2080 531 2133 regna
542 2080 602 2132 reges
613 2062 735 2129 defendant,
749 2063 824 2128 aquari
829 2061 916 2126 stamma
925 2061 960 2109 in-

203 2138 277 2206 fimis.
302 2140 356 2191 nihil
365 2142 474 2208 excelsum,
485 2141 545 2205 nihii,
559 2140 686 2207 qundfitpra
697 2148 767 2187 cetera
777 2137 876 2199 eminent,
892 2136 914 2183 in
927 2135 961 2183 ci-

207 2216 381 2279 vitatibusfnre.
411 2217 488 2282 Adff
490 2219 559 2279 finem
568 2217 647 2281 regnis,
660 2216 693 2263 rei
703 2215 827 2264 intenDeos
834 2212 965 2277 hominesque

205 2291 363 2360 pulcherrime.
389 2290 502 2355 Porsena,
514 2301 568 2339 tum
576 2305 659 2353 regern
667 2288 714 2338 effe
723 2292 817 2355 Rome,
828 2292 961 2339 tumEtru·

208 2366 258 2419 scae
268 2368 348 2433 gentis
359 2383 451 2433 regem,
468 2369 580 2433 amplum
591 2366 680 2417 Tuscis
689 2378 763 2433 ratus,
781 2372 885 2418 Romam
897 2364 961 2415 infe-

209 2447 249 2500 tto
259 2446 373 2498 exircitu
381 2446 462 2496 venit.
475 2470 479 2477 -
497 2448 557 2496 Non
568 2458 678 2513 unquam
689 2447 747 2496 alias
756 2449 812 2495 ante
822 2454 901 2495 tantus
911 2454 963 2495 ter-

210 2540 255 2577 ror
263 2524 374 2575 senatum
385 2525 483 2575 invasit.
517 2524 581 2575 adeo
591 2526 674 2577 valida
682 2542 719 2577 tes
731 2536 785 2577 tum
795 2523 890 2574 Clusma
900 2533 962 2587 erat,

161 2625 166 2631 ·
209 2618 382 2669 magnumque
394 2602 504 2655 Porsenae
518 2619 620 2655 nomen.
648 2620 694 2655 nec
708 2603 787 2653 hostes
798 2600 874 2652 modo
889 2600 962 2649 time-

149 2675 153 2689 *
210 2683 282 2746 bant,
301 2681 341 2734 sed
350 2681 457 2732 suosmet
471 2683 514 2751 ipfi
525 2683 603 2747 cives,
620 2698 650 2733 ne
668 2687 782 2734 Romana
801 2680 876 2747 plebs,
892 2688 962 2729 metu
1029 2730 1030 2741 ,

212 2760 333 2827 perculsa,
350 2761 454 2827 receptis
466 2762 491 2811 in
501 2761 589 2811 urbem
601 2760 707 2826 regibus,
724 2759 766 2811 vel
777 2774 837 2807 cum¹
846 2755 962 2805 servitute

213 2854 301 2906 pacem
310 2839 440 2905 acciperet.
459 2839 541 2889 Multa
552 2839 628 2903 igitur
636 2838 802 2901 blandimenta
811 2834 875 2901 plebi
886 2848 926 2901 per
933 2829 971 2885 id·

212 2927 312 2983 tempus
322 2916 353 2966 ab
365 2917 450 2971 senatu
461 2917 527 2976 data.
553 2932 656 2975 annonae
668 2919 694 2968 in
704 2916 790 2983 primis
801 2914 884 2981 habita
895 2924 960 2971 cura,

213 2993 242 3050 dn
258 2994 290 3048 ad
302 2994 454 3057 frumentini
464 2994 658 3071 comparandtm
675 2993 745 3062 mitt,
761 2991 803 3045 alii
814 2991 841 3045 in
852 2986 962 3118 votscgp,
