2117 3642
106 295 219 353 Murem
229 298 295 369 prieti
305 300 449 371 opperiamur.
468 296 764 363 nrunonmperaum.
777 305 861 362 utque

106 380 152 429 ubi
163 380 272 446 primum
283 379 374 442 illuxit,
389 377 510 447 praemillo
528 376 622 427 nuncio
632 373 664 425 ad
684 371 810 424 consulein
829 375 859 425 in

107 456 193 518 eastra,
210 455 305 519 ingenti
314 454 405 520 gaudio
416 454 591 507 concitantur:
608 449 735 516 neeriae
742 450 807 514 dati,
817 450 857 501 in·

107 534 219 583 columen
239 535 339 598 teverti,
355 534 398 599 qui
414 532 458 581 sua
475 544 582 595 corpora
595 544 642 594 pro
652 530 729 579 salute
743 530 859 583 omnium

107 608 176 659 haud
188 609 265 661 dubio
281 611 392 679 periculo
403 604 556 671 objeciilent,
573 620 620 671 pto
631 606 656 653 sc
670 606 772 669 quisque
783 608 858 658 obri.

109 690 151 737 nm
169 686 235 737 effusi
253 690 361 751 laudant,
378 685 541 752 gratulantur,
558 681 664 745 fingulot
678 682 861 749 universosque

108 764 247 818 servatores
267 768 323 819 suot
341 772 448 815 vocant:
467 762 522 811 Diis
533 758 617 809 laudet
628 758 756 823 gratesque
774 771 861 826 agunt,

107 844 217 893 Decium
228 845 255 895 in
266 844 355 897 coelum
370 840 462 899 serunt.
497 837 546 889 llic
557 836 630 887 Decii
641 835 762 887 castrensis
773 838 863 888 trium·

109 919 243 987 phuriuit,
251 918 386 969 incedentis
398 931 440 982 per
449 912 533 963 media
543 912 684 963 calliacum
693 923 788 965 artuato
799 928 863 983 prae·

109 992 181 1055 sidio,
198 994 315 1057 conicilit
327 995 354 1043 in
365 1007 422 1041 eum
433 988 645 1057 omniurn-oculis,
662 988 688 1041 ἃ
699 991 769 1054 omni
780 989 863 1043 hono·

109 1086 137 1121 rc
155 1070 284 1121 tribunum
302 1069 396 1121 consuli
414 1067 575 1135 aequantibus.
610 1067 660 1117 Ubi
677 1066 708 1119 ad
719 1068 865 1134 pretorium

108 1160 216 1199 ventum
227 1148 269 1212 eii,
287 1148 373 1199 consul
391 1147 487 1198 classico
506 1146 539 1197 ad
557 1144 704 1197 concionem
716 1135 865 1199 convocate

110 1226 229 1293 orsusque
248 1227 347 1277 meritas
367 1226 439 1275 Decii
456 1224 548 1287 laudes,
565 1223 697 1275 interfante
708 1221 763 1290 ipso
775 1225 866 1289 Decio,

110 1306 205 1363 distulit
213 1306 375 1356 concionem:
385 1305 427 1370 qui
438 1302 523 1370 auiior
533 1302 617 1352 omnia
626 1300 795 1368 posthabendi,
804 1301 868 1355 dum

110 1385 209 1437 occatio
220 1386 247 1437 in
257 1382 448 1448 minitaretur,
466 1381 574 1451 perpulit
588 1380 721 1444 consulem,
738 1390 766 1429 ut
777 1379 866 1445 holles,
919 1384 924 1409 ¹
950 1438 953 1440 Α

105 1465 137 1522 ,δι
148 1456 272 1515 noiiurno
284 1478 378 1530 pavore
396 1462 524 1525 attonitos,
543 1459 568 1509 n
580 1458 645 1509 circa
656 1457 745 1510 collem
758 1458 867 1512 castella-

109 1544 157 1597 tim
168 1542 301 1610 diffipatos,
324 1539 507 1606 aggrederetur.
526 1538 624 1589 credere
633 1538 709 1589 etiam
720 1537 824 1605 aliquot,
833 1534 868 1592 ad

110 1620 135 1669 se
147 1618 297 1685 sequendum
308 1618 412 1683 emissos,
429 1634 473 1686 per
488 1616 576 1666 saltum
587 1615 684 1681 uagari.
718 1612 790 1681 Jussae
801 1616 866 1682 legi·

112 1710 172 1747 ones
185 1711 254 1745 arma
270 1710 372 1761 capere:
391 1695 536 1759 egrcffaequc
554 1694 644 1757 castris,
660 1708 737 1759 quum
755 1709 800 1760 per
818 1710 866 1745 ex·

113 1774 251 1842 ploratores
260 1772 345 1823 notior
354 1770 406 1834 jam
419 1770 566 1831 saltucell‘ct,
577 1771 621 1818 vin
632 1770 770 1835 patentiore
781 1770 811 1821 ad
821 1772 868 1821 ho·

112 1852 174 1903 stem
196 1850 329 1901 ducuntur.
359 1862 434 1913 quem
455 1848 584 1895 incautum
605 1846 743 1912 improuiso
763 1846 867 1915 adortae,

12 1948 14 1955 ’
112 1944 192 1995 quum
203 1929 280 1993 palati,
291 1924 375 1991 passim
394 1921 543 1973 Samnitium
562 1921 660 1983 militer,
677 1921 788 1987 plerique
801 1925 869 1975 incr.

113 2020 173 2065 mec,
190 2018 235 2052 nec
247 2004 314 2052 coire
325 2003 352 2051 in
363 2016 449 2063 unum,
467 2015 513 2049 nec
524 2013 593 2047 arma
604 2013 699 2064 capere,
717 2014 762 2048 nec
774 2003 869 2070 recipe-

89 2078 94 2085 ’
114 2098 142 2135 re
153 2083 219 2134 intra
230 2081 324 2131 vallum
337 2079 361 2129 se
373 2080 477 2146 pollent,
488 2086 623 2145 paventem
634 2077 742 2143 primurn
753 2078 779 2127 in
791 2071 869 2134 castri

114 2158 285 2225 compellunt:
303 2156 392 2208 deinde
410 2158 488 2207 castra
504 2154 566 2223 ipsa,
588 2155 693 2205 turbatis
709 2156 866 2226 stationibus,

115 2239 228 2306 capiunt.
263 2235 387 2287 Perierunt
397 2238 462 2287 circa
474 2235 564 2286 collem
576 2235 686 2296 clamori
703 2233 822 2303 fugatque
833 2252 870 2296 ex

114 2318 165 2371 suis
177 2330 296 2381 quemqoe
313 2314 437 2382 praesrdiis.
454 2317 491 2367 ita
508 2330 600 2381 magna
615 2330 671 2383 pars
689 2310 785 2367 absenti
802 2318 868 2371 hosti

81 2394 83 2399 ’
115 2394 270 2459 celinquere
290 2394 354 2445 intra
372 2396 466 2447 vallum
485 2406 568 2461 egerat
586 2410 675 2462 pavor,
693 2393 770 2459 (fuere
781 2409 868 2455 autem

113 2471 147 2526 ad
160 2473 259 2536 triginta
269 2473 356 2538 millia)
368 2490 453 2525 omnes
465 2474 533 2534 caesr;
550 2474 625 2523 castra
637 2472 742 2539 direpta.

150 2554 290 2601 XXXVII.
308 2554 348 2599 Ita
366 2553 438 2600 rebus
456 2550 535 2614 gestis,
553 2549 647 2610 consul,
664 2548 786 2596 advocati
803 2564 867 2603 con.

115 2632 196 2691 tione,
214 2631 242 2677 P.
255 2628 327 2675 Decii
340 2642 391 2677 non
403 2638 495 2693 coeptas
507 2625 588 2675 solum
599 2630 662 2686 ante,
680 2623 722 2673 scd
731 2627 869 2681 cumulatas

115 2710 184 2763 novi
201 2707 294 2758 virtute
313 2704 395 2755 laudes
416 2705 525 2771 peragit:
545 2704 578 2766 ἃ,
595 2713 683 2769 praeter
693 2703 808 2757 militaria
818 2707 868 2759 alia

116 2786 191 2849 dona,
209 2784 282 2833 aurei
294 2782 386 2833 euroni
397 2797 453 2833 eum
471 2782 496 2833 Bt
508 2793 608 2833 centum
620 2780 708 2845 bubus,
720 2784 868 2851 eximioque

117 2877 169 2911 nno
181 2862 239 2912 albo
251 2862 340 2929 opimo
349 2863 439 2911 auratis
456 2861 580 2926 cornibus,
592 2859 677 2911 donat.
702 2862 806 2928 Milites,
822 2863 868 2929 qui

117 2942 144 2993 in
155 2938 265 3009 presidio
277 2938 346 2989 sunul
362 2939 468 3003 fuerant,
486 2940 580 3009 duplici
596 2939 720 2991 frumento
738 2943 763 2991 in
778 2956 867 3010 perpe.

118 3029 199 3086 tuum,
215 3020 242 3083 in
257 3017 384 3087 presentia
398 3018 588 3137 ssngulis1l3ubus
604 3014 716 3089 binisque
732 3022 811 3091 privis
828 3034 867 3073 tu·
933 3054 936 3059 -

631 3108 636 3113 ·
803 3105 866 3143 nien
