2117 3642
81 320 86 326 ,
360 328 364 333 Ι
392 262 418 315 L
433 262 448 315 1
464 260 483 313 B
499 259 561 313 Fili
593 260 642 313 tv.
840 267 899 327 ²²7

145 350 178 403 tis
187 352 291 421 accepti,
300 350 367 420 quod
374 351 435 404 nihil
446 354 530 419 gratia
539 352 684 419 cujusquam
695 345 832 410 dederant;
848 362 896 398 ve·

147 431 270 495 xationes,
286 430 318 482 ad
328 430 448 500 populum
457 431 510 494 J'am
521 429 562 479 die
575 429 639 479 dina
649 429 682 479 ab
694 427 807 490 tribunis,
825 423 897 486 colo·

149 506 175 555 ni
187 507 301 576 adscripti
312 510 463 563 remanendo
474 510 507 563 ,in
517 507 625 572 colonia,
641 520 717 573 quam
736 505 820 558 testem
830 503 899 568 iute-¹

147 586 243 649 gnatis
252 587 398 657 jullitiaeque
409 586 542 651 habebant,
560 584 683 633 vitavere.

181 667 242 715 XII.
261 666 314 716 Pax
323 664 393 717 domi
412 662 521 730 forisque
538 660 587 712 fuit
606 660 632 712 de
648 661 699 710 hoc
712 658 739 710 ἃ
754 656 897 725 insequenti

147 753 222 808 anno,
241 745 270 793 C.
289 744 365 795 Furio
382 743 467 797 Pacilo
485 741 511 791 ἃ
527 742 568 790 Μ.
582 738 682 805 Papirio
696 734 898 787 Crass'oconsuli·

147 816 202 867 bus·
237 820 312 885 Ludi,
337 822 371 871 ab
389 818 537 871 decemviris
555 813 771 889 per'seccllionem
788 812 866 879 plebis
881 812 899 862 a

146 895 259 945 Patribus
276 913 310 947 ex
327 896 537 947 senatusconsulto
555 894 621 957 voti,
638 909 669 943 co
684 898 750 942 anno
761 888 819 942 fatti
830 888 899 941 sunt.

148 970 228 1021 Causa
239 971 389 1023 seditionum
400 974 565 1038 nequicquam
576 976 591 1019 a
605 969 708 1019 Poetelio
719 966 825 1034 quaelita.
843 965 899 1032 qui,
986 980 998 995 '

148 1048 263 1097 tribunus
278 1048 355 1113 plebis
366 1050 455 1097 iterum
464 1064 492 1097 ea
508 1048 560 1115 ipsa
568 1045 740 1097 denunciando
750 1044 835 1110 satius,
852 1048 905 1094 ne‘-'

148 1138 205 1189 que,
223 1135 251 1172 ut
267 1123 298 1173 de
309 1124 374 1188 agris
386 1123 523 1174 dividendis
538 1124 604 1191 plebi
615 1123 734 1173 referrent
744 1113 854 1171 consules
864 1121 899 1173 ad

148 1198 268 1264 senatum,
283 1201 429 1267 pervincere
442 1203 543 1268 potuit:
560 1201 594 1266 dc,
614 1214 691 1267 quum
709 1214 800 1264 magno
817 1199 901 1249 eerta'-

144 1278 213 1329 mine
225 1276 374 1342 obtinuiss‘ct,
386 1289 414 1329 ut
425 1278 610 1330 consulerentur
621 1282 712 1342 Patren,
727 1277 854 1328 consulum
861 1292 897 1328 an

147 1357 305 1407 tribunorum
325 1358 431 1425 placeret
451 1359 555 1407 comitia
574 1356 668 1419 haberi,
693 1354 804 1407 consules
818 1356 897 1406 creati

144 1432 200 1499 julli
211 1434 276 1483 sunt.
293 1433 448 1501 ludibrioque
460 1446 529 1485 erant
540 1435 613 1485 minae
624 1433 726 1498 tribuni,
743 1431 897 1485 denuncian-

146 1512 177 1561 tia
188 1511 215 1561 se
228 1510 347 1563 delelium
362 1508 552 1580 impediturum
568 1527 654 1578 quum,
670 1512 762 1578 quietis
773 1510 896 1578 finitimie,

145 1602 225 1652 neque
234 1587 307 1653 bello,
325 1604 404 1654 neque
416 1588 473 1639 belli
484 1598 604 1657 apparatu
615 1603 677 1657 opus
688 1585 767 1638 essetf
779 1590 896 1655 Sequitur

145 1662 208 1711 hanc
230 1664 431 1729 tranquillitatem
450 1678 530 1714 rerum
547 1680 633 1729 annus,
650 1665 757 1715 Proculo
778 1656 895 1729 Geganio

146 1740 283 1805 Macerino,
302 1744 332 1791 L.
346 1736 465 1791 Menenio
477 1742 575 1791 Lanato
595 1739 744 1805 consulibus,
760 1740 895 1811 multiplici

144 1816 213 1867 clade
229 1834 258 1867 ac
276 1812 386 1887 periculo
403 1818 517 1884 insigniar
528 1817 698 1883 seditionibus,
715 1819 788 1883 same,
813 1829 895 1885 regno

143 1898 222 1961 propi
235 1910 278 1962 per
296 1894 433 1959 largitionis
445 1894 598 1945 dulcedinem
614 1895 640 1944 in
654 1891 763 1944 eervices
779 1908 894 1962 accepto.

112 1976 114 1981 '
145 1973 229 2021 Unum
249 1970 415 2020 aluitbellum
433 1983 579 2021 externum:
596 1978 648 2037 q'uo
666 1970 836 2035 staggravata'r
854 1976 895 2024 're's

145 2044 229 2106 ellent,
246 2046 293 2093 vix
303 2060 353 2110 ope
365 2048 476 2093 Deorum
487 2045 600 2093 omnium
611 2044 684 2093 resuli
694 2047 818 2111 potuitset.
838 2050 895 2097 Coe·

144 2124 231 2188 perca
248 2117 314 2168 fame
328 2118 401 2181 mala,
419 2116 460 2167 leu
476 2114 592 2166 adversus
611 2134 688 2169 annus
700 2114 817 2183 'frugibus
835 2120 902 2188 suit,-

142 2197 188 2255 seu
197 2194 325 2245 dulcedine
336 2194 484 2245 concionum
496 2194 521 2244 dc
531 2194 599 2244 urbis
610 2194 705 2260 deserto
716 2204 831 2261 agrorum
841 2198 904 2250 urle

144 2283 182 2323 tu.
200 2286 257 2321 nam
270 2282 399 2337 utrumque
411 2271 523 2321 tradinu.
542 2272 568 2321 ἃ
579 2274 661 2323 Patres
672 2273 769 2340 plebem
778 2272 893 2348 dcfidem',
932 2338 936 2346 ι

92 2358 98 2367 ’
144 2350 170 2399 &
183 2349 275 2403 tribuni
286 2348 363 2416 plebis
375 2365 439 2399 nunc
448 2348 560 2399 fraudem
571 2363 638 2400 nune
646 2352 819 2417 negligentiam
831 2370 893 2405 con·
916 2366 920 2379 ¹

145 2422 226 2475 sulum
241 2424 395 2476 accusabant.
431 2426 555 2476 Postremb
570 2427 699 2494 perpulere
710 2426 808 2495 plebeii,
825 2430 893 2483 haud

142 2500 287 2551 adversante
304 2501 396 2566 senatu,
412 2514 441 2552 ut
458 2506 489 2552 L.
510 2504 637 2553 Minucius
649 2506 776 2571 prauam
786 2515 904 2563 annonae‘
963 2502 972 2509 ’

135 2586 280 2640 ἐτοατεωη
297 2579 394 2629 felicior
406 2580 431 2629 in
443 2596 473 2629 eo
484 2578 625 2643 magistratu
636 2581 666 2630 ad
676 2582 808 2631 custodiam
816 2585 891 2634 liber-

142 2657 200 2707 tatia
212 2655 315 2719 futurus,
325 2661 399 2721 quam
408 2654 438 2703 ad
450 2657 602 2705 curationem
611 2656 734 2706 ministerii
747 2658 782 2707 sui
793 2678 801 2707 z
812 2676 891 2726 quan·

143 2748 218 2801 quam
233 2732 358 2799 postremo
377 2747 480 2781 annona
492 2746 592 2797 quoque
603 2732 691 2785 levatae
697 2734 766 2784 'haud
780 2738 890 2789 unmeri'·

142 2818 194 2869 tam
211 2810 236 2858 ἃ
256 2810 360 2873 gratiam
378 2808 522 2873 &gloriam
539 2810 605 2860 tulit.
641 2812 693 2877 Qui
704 2828 789 2883 quum,
806 2817 891 2868 multia
942 2856 945 2860 -

143 2886 210 2937 circa
225 2884 346 2935 finitimos
362 2886 467 2953 populos
479 2886 642 2950 legationibus
655 2890 718 2940 terri
725 2894 836 2959 marique
846 2912 891 2945 ne·

143 2962 276 3042 quicquam
287 2962 369 3027 millis,
386 2962 439 3025 (nist
458 2964 522 3027 quod
537 2980 568 3014 ex
581 2969 678 3016 Etruria
695 2970 760 3019 haud
772 2972 806 3020 ita
824 2972 891 3023 tnui-
930 3008 936 3017 -

140 3046 198 3099 tum
213 3036 329 3091 [cinnami
348 3038 478 3092 advctitun
498 3038 542 3104 etl)
562 3042 656 3095 nulltun
674 3058 828 3099 momentum
845 3062 890 3099 an-

419 3162 421 3166 .
483 3116 541 3167 K6
606 3138 609 3143 ·
814 3139 890 3180 nona
