2117 3642
211 239 228 286 ὅ
471 235 505 285 Τ.
540 233 593 284 LI
609 231 663 284 Vl
681 235 696 284 l

204 322 325 371 ‘miramm
337 320 416 384 gentis
430 322 535 386 virique,
553 322 579 370 ἀ
589 322 699 370 animum
715 322 756 370 vel
766 321 831 372 bello
843 324 884 374 vel
896 315 965 389 paci'
1034 316 1035 323 ἵ

209 409 332 464 paratum,
349 397 449 446 dexteri
461 398 516 446 data
528 397 603 446 fidem
614 399 703 446 suturae
714 399 826 448 amicitia
837 399 952 450 sanxisse.

208 476 270 525 Inde
281 474 357 524 soedus
368 473 442 523 isium
454 476 516 523 inter
526 474 608 538 duces,
619 477 682 523 inter
693 483 813 525 exercitus
824 475 951 527 salutatio·
1034 496 1037 511 ·

208 565 266 600 nem
277 550 373 600 fastam.
403 553 496 600 AEnean
507 552 572 618 apud
584 553 700 601 Latinum
714 552 782 601 suisle
794 553 819 602 in
830 552 949 619 hospitio.

207 625 244 679 ibi
262 627 378 676 Latinum
395 627 460 692 apud
478 638 576 694 penates
590 631 657 678 Deor
672 629 830 679 domesticum
848 631 949 695 publico

207 703 343 769 adilmrilse
354 704 439 767 lodus,
451 703 499 753 filla
512 707 594 754 AEneae
605 707 631 754 in
640 707 826 757 matrimonium
837 707 901 757 dati.
919 724 949 757 ea

207 798 246 833 rer
260 783 345 846 utique
362 779 479 844 Trojanls
495 779 563 849 spem
579 782 683 831 affirmat
696 783 795 832 tandem
806 783 883 840 llahili
896 800 950 834 cer-.

208 860 281 926 tique
293 858 346 908 sede
358 857 457 908 finiendi
466 860 563 908 erroris.
587 859 713 926 Oppidum
723 859 849 910 condunt.
860 860 949 911 AEneas

206 937 239 986 ab
250 937 350 986 nomine
361 937 447 985 uxoris
455 937 589 985 Lavinium
599 937 713 1003 appellat.
730 939 803 986 Brevi
810 939 878 1004 llirps
886 953 949 1003 qno-

207 1027 255 1078 que
266 1013 343 1062 virilis
355 1027 387 1062 er
397 1028 469 1064 novo
474 1014 633 1064 matrimonio
644 1013 691 1064 suit
697 1033 705 1075 ;
715 1014 756 1064 eui
763 1014 893 1065 Ascanium
903 1031 947 1082 pa-

204 1101 286 1141 rentes
297 1087 383 1138 dixere
393 1103 494 1139 nomen.
616 1083 624 1094 ⁴
984 1139 992 1148 ,

240 1171 275 1218 ΙΙ.
294 1169 360 1216 Bello
369 1167 455 1215 deinde
469 1167 614 1232 Aborigines
622 1168 777 1233 Troianique
787 1167 856 1216 simul
866 1167 946 1233 petiti.
1030 1167 1034 1174 ’

206 1249 309 1295 Turnus
318 1249 374 1293 Rex
383 1243 538 1305 Rutulorum,
547 1245 588 1292 cui
599 1243 668 1308 pcfla
674 1246 779 1292 Lavinia
790 1256 846 1292 ante
854 1217 950 1294 adver!

206 1329 261 1369 tum
274 1321 355 1367 AEneae
366 1318 455 1380 suerat,
472 1319 598 1384 praelatum
613 1319 656 1366 lbi
672 1319 794 1366 advenam
810 1322 872 1381 aegre
883 1322 947 1383 pati-

207 1411 257 1460 ens,
270 1396 338 1444 simul
350 1397 431 1445 AEneae
443 1398 584 1462 Latinoque
595 1396 687 1445 bellum
695 1395 818 1443 innuerat.
853 1397 947 1446 Neutra

205 1475 270 1526 acies
278 1463 332 1522 laeta
343 1487 376 1522 ex
386 1489 417 1523 eo
427 1477 559 1523 certamine
567 1475 636 1524 abiit.
660 1471 721 1522 viai
731 1472 829 1522 Rutuli:
841 1471 948 1525 viklorer

206 1549 355 1613 Aborigines
368 1550 521 1614 Trojanique
529 1551 617 1600 ducem
628 1549 746 1598 Latimnn
753 1548 862 1600 amisere.
885 1548 948 1602 Inde

204 1619 309 1678 'sumus
320 1629 453 1693 Rutulique
461 1627 528 1677 diffisi
539 1629 619 1692 rebus,
627 1627 658 1676 ad
667 1629 780 1676 florenter
788 1626 946 1678 Etruscorum

204 1719 267 1772 opct
283 1701 495 1770 Mezentiumque,¹
511 1721 598 1755 eorum
608 1721 699 1770 regem,
714 1704 876 1769 confugiunt:
893 1700 946 1770 qui,

205 1785 275 1832 Care
286 1784 403 1852 opulento
411 1793 465 1832 turn
473 1783 567 1852 oppido
577 1784 782 1852 imperitannjam
793 1783 850 1833 inde
857 1783 889 1832 ab
900 1784 948 1834 ini·

204 1851 245 1911 tio
253 1851 353 1910 mitrime
361 1862 428 1910 latur
437 1875 508 1911 novae
517 1862 693 1927 origineurbit,
703 1862 729 1910 ἃ
737 1862 875 1910 tumnimio
884 1862 946 1928 plut,

203 1944 280 2006 quim
291 1938 346 1988 sutis
358 1931 439 1989 tutum
447 1939 504 1989 esset
514 1941 612 2004 accolis,
629 1957 681 1990 rem
691 1939 831 2002 Trojanam
842 1936 948 1987 crescere

203 2009 279 2080 ratur,
297 2016 361 2066 haud
372 2017 496 2082 gravatim
513 2018 579 2069 socia
592 2031 664 2068 erma
675 2016 772 2067 Rutulis
780 2016 875 2079 junxit.
903 2019 946 2065 AE-

203 2101 261 2144 near
272 2087 386 2144 ad'versus
401 2097 462 2144 tanti
472 2097 530 2145 belli
540 2108 659 2146 terrorem
676 2106 705 2144 ut
722 2096 818 2144 animos
830 2094 948 2156 Aborigi«

203 2163 264 2223 rium
275 2174 319 2224 fibi
329 2175 479 2238 conciliaret,
495 2191 526 2224 ne
538 2176 582 2225 sub
593 2175 680 2225 eodem
688 2175 743 2236 jure
752 2173 841 2233 solum,
857 2170 899 2222 sed
909 2182 946 2221 et·

203 2250 254 2298 iarn
262 2253 362 2299 nominc
371 2259 455 2298 ornnes
464 2249 546 2310 essent,
554 2249 656 2298 Latinos
663 2259 794 2310 utramque
799 2258 897 2308 gentem
903 2265 946 2314 ap-

204 2325 315 2392 pellavit.
339 2327 392 2373 Nec
403 2323 490 2372 deinde
503 2325 648 2386 Aborigines
660 2322 777 2382 Troianis
788 2320 867 2369 studio
878 2339 907 2370 ac
917 2325 946 2373 fi.

202 2399 235 2451 de
246 2415 303 2465 erga
314 2407 395 2465 regem
406 2404 499 2450 AEnean
510 2399 605 2448 cellere.
632 2396 755 2460 fretusque
763 2397 800 2444 his
808 2398 895 2447 animis
904 2417 945 2451 ω.

203 2467 360 2528 alelucntiu'm
376 2478 452 2528 indies
466 2478 544 2540 magis
561 2477 667 2524 duorum
687 2475 835 2540 populorum
849 2479 948 2542 laneas,

203 2547 345 2622 quanquam
356 2567 423 2605 tanta
435 2556 522 2622 opibus
535 2553 701 2613 Etruriaml,
718 2562 747 2600 ut
760 2552 812 2615 jam
828 2569 879 2603 non
897 2567 944 2605 ter-

203 2633 341 2699 fasiolum,
355 2633 395 2684 sed
409 2649 476 2683 mare
492 2632 566 2680 eliam
581 2646 625 2698 per
634 2642 712 2680 totam
724 2631 799 2703 ltalia:
809 2632 946 2696 longitudi-

203 2729 269 2778 nem,
281 2715 313 2763 ab
326 2715 428 2780 Alpibus
440 2711 469 2762 nd
485 2713 575 2761 fretum
583 2703 696 2772 siculum,
708 2709 774 2759 sami
786 2713 892 2761 nominis
908 2713 945 2762 sui

203 2791 336 2862 implillet3
345 2801 511 2857 tamen,quum
518 2789 636 2839 moenibus
645 2789 735 2838 bellum
742 2788 883 2854 propulsare
891 2789 945 2855 pos-

204 2865 248 2934 set.
266 2871 291 2919 in
303 2872 381 2920 aciem
392 2874 474 2938 copias
491 2869 586 2921 eduxit.
605 2886 608 2895 ¹
621 2867 756 2918 secundum
766 2866 823 2916 inde
835 2869 946 2933 proelium

204 2947 309 3006 Latinis,
322 2949 403 2998 AEneae
415 2949 488 3000 etiam
499 2949 614 2997 ultimum
623 2960 726 3012 operum
736 2945 878 2993 mortalium
889 2945 946 2994 soit.

204 3013 558 3132 {westmuemcmqueeum
567 3011 964 3087 dicijmfalqueelt,superuu.'
1042 3032 1043 3035 =

577 3104 580 3111 ’
845 3096 948 3148 inicium
