2117 3642
341 252 365 305 1.
381 254 395 305 1
411 255 430 305 B
448 252 510 307 ER
545 251 581 305 Π.
792 272 840 317 m

65 341 169 409 meji.
201 340 494 411 responderemus
510 341 716 411 epicureum.
746 348 841 402 Gratia

69 425 200 489 ingentes
211 422 278 472 asie.
308 419 401 472 Consul
414 422 507 471 ecuria
518 420 630 487 egressus,
647 426 784 479 comitante
792 432 840 485 Fa-

70 501 187 553 biorum
200 501 308 566 agmine,
319 500 366 566 qui
377 500 404 550 in
415 499 537 563 vestibulo
549 501 630 561 curie,
646 500 840 559 senatusconsul.

71 589 134 627 tum
146 576 329 645 exspesiantes‚
340 578 462 641 steterant,
474 577 578 627 domum
589 577 669 629 rediit.
687 583 746 645 Juffi
756 600 839 637 anna.

71 655 96 704 ri
108 654 217 721 postero
228 654 268 704 die
279 651 310 703 ad
318 654 395 705 limen
406 651 512 704 consulis
520 651 608 717 adesse,
624 649 711 710 domds
719 660 776 711 inde
789 661 845 715 dis.-

73 731 189 781 cedunt.

113 812 219 859 XLIX.
238 810 326 860 Manat
342 808 397 859 totd
412 808 474 859 urbe
490 824 592 861 rumor:
609 810 699 865 Fabios
710 815 741 866 ad
752 819 840 874 coelum

75 886 200 937 iaudibus
208 888 300 938 serunt.
325 887 455 937 Familiam
463 903 539 938 uuam
548 886 634 938 subisse
643 891 752 945 civitatis
763 912 841 951 onus:

76 963 178 1026 Vejens
186 965 278 1013 bellum
291 965 317 1011 in
325 964 451 1028 privatam
459 978 552 1030 curam,
562 966 588 1015 in
596 967 695 1032 privata
705 986 774 1022 arma
782 990 841 1025 ver·

78 1040 149 1091 sum.
187 1043 212 1090 si
227 1040 273 1090 smt
284 1041 339 1089 duce
347 1040 561 1103 roborisffcjusdem
573 1044 598 1091 in
610 1045 671 1095 urbe
682 1060 766 1113 gentes
773 1070 780 1113 3
798 1054 842 1103 de.

81 1116 202 1182 poscant,
219 1119 272 1166 haec
283 1114 388 1165 Volscos
398 1115 451 1180 sbi,
462 1118 504 1167 ilia
515 1120 624 1185 AEquos:
641 1126 736 1190 populo
747 1131 842 1181 Roma.

82 1209 120 1243 no
132 1196 294 1262 tranquillam
310 1209 396 1263 pacem
413 1207 509 1261 agente,
526 1214 612 1250 omnes
628 1200 749 1275 finitimos
760 1208 843 1276 subigi

83 1272 196 1338 populos
206 1271 284 1340 posse.
318 1272 389 1322 Fabii
405 1274 503 1340 postero
515 1273 556 1324 die
566 1290 634 1327 anna
646 1282 756 1348 capiunt.
789 1293 843 1354 quo

79 1350 139 1415 juffi
151 1363 231 1417 eraut,
248 1351 411 1401 conveniunt.
447 1353 548 1419 Consul,
565 1354 694 1422 paludatus
705 1363 840 1433 egrediens,

83 1432 111 1480 in
126 1430 252 1481 vesiibulo
263 1440 363 1494 gentem
374 1446 475 1482 omnem
486 1432 555 1483 suam
567 1434 681 1487 instrukio
690 1442 788 1505 agmine
799 1447 840 1496 vi·
867 1477 871 1484 -

82 1509 134 1558 det.
161 1497 279 1576 acceptus
289 1507 315 1557 iu
324 1509 442 1581 medium,
447 1508 520 1575 'signa
531 1510 590 1561 ferri
595 1512 676 1576 jubet.
704 1522 839 1596 Nunquam

83 1586 208 1649 nxepcitus
221 1598 303 1650 neque
316 1586 398 1636 neinor
410 1601 522 1651 nmnero,
539 1603 619 1655 neque
634 1592 724 1645 clarior
733 1595 799 1649 sams
812 1600 840 1653 &

83 1660 249 1718 admiratione
257 1664 396 1729 hominum,
408 1680 453 1732 per
462 1666 551 1717 urbem
561 1669 663 1720 incessit.
691 1676 839 1728 Sex&tre·
939 1724 941 1726 .

85 1739 258 1803 consimiliter,
271 1756 356 1791 omnes
367 1742 473 1809 patricii,
483 1759 570 1795 omnes
581 1748 653 1796 unius
663 1755 752 1815 gentis,
772 1770 838 1820 quo·

85 1821 286 1870 rum‘meminem
306 1820 395 1871 ducem
414 1820 539 1888 sperneret
558 1826 670 1889 egregius
688 1832 839 1896 quibussibet

60 1897 66 1910 “
86 1898 238 1963 temporibus
251 1896 356 1963 senatus,
373 1900 452 1964 ibunt,
471 1902 545 1951 unius
562 1902 662 1955 familia
678 1908 774 1961 viribus
785 1917 838 1963 Ve-
873 1930 876 1937 ·

86 1970 148 2034 jenti
170 1976 264 2043 populo
286 1977 376 2043 pestem
395 1979 547 2029 minitantes.
587 1984 737 2047 Sequebatur
755 1989 838 2055 turba,

89 2053 188 2117 propria
203 2055 252 2102 alia
269 2066 433 2117 cognatorum
450 2054 628 2122 sodaliumque,
644 2060 706 2109 nihil
719 2063 838 2132 medium,

76 2141 134 2175 ·nec
145 2126 220 2194 spem,
237 2144 282 2177 nec
294 2144 387 2193 curam,
404 2129 447 2179 scd
457 2130 575 2181 immensa
586 2138 668 2185 omnia
679 2140 839 2195 volventium

90 2204 186 2266 anim03
200 2204 249 2254 alia
260 2206 367 2273 publica,
384 2205 549 2260 sollicitudine
567 2213 682 2280 excitata,
705 2216 794 2269 favore
804 2222 839 2275 >Be

91 2279 250 2331 admiratione
266 2282 375 2351 stupens;
391 2283 511 2351 fresones,
528 2288 562 2338 ire
568 2290 648 2355 filices
663 2294 761 2363 jubent,
778 2300 837 2350 ince-

87 2358 134 2425 ptis
143 2368 228 2407 euentus
233 2370 298 2424 pares
305 2364 394 2413 reddere
399 2367 530 2433 :consulam
539 2370 587 2419 inde
594 2387 620 2421 ac
628 2356 755 2443 snumphos,
762 2380 839 2430 omnin

87 2436 173 2503 premia
182 2435 245 2505 asse,
262 2454 333 2490 omnes
343 2442 429 2493 bonores
431 2446 534 2513 sperare.
568 2450 773 2506 Praetereuntibus
785 2462 836 2509 Ca*

91 2515 199 2583 pitolium
215 2516 347 2584 arcemque
364 2522 452 2573 &alia
468 2527 568 2593 templa,
585 2530 704 2595 quicquid
721 2536 835 2589 Deorum

91 2594 169 2657 oculis,
184 2594 301 2661 quicquid
320 2600 404 2649 animo
423 2606 540 2667 occurrit,
565 2620 704 2675 precantur,
727 2614 834 2666 utillud

91 2684 173 2734 agmen
187 2671 293 2722 seusium
308 2685 384 2741 atque
401 2677 463 2735 felix
477 2683 586 2747 mittant,
604 2682 704 2751 sospites
721 2687 794 2739 brevi
805 2692 833 2743 in

92 2749 188 2817 patriam
197 2750 229 2800 ad
240 2762 353 2818 parentes
361 2754 496 2808 restimant.
520 2759 642 2810 Incassum
652 2764 726 2815 missa
737 2782 833 2833 preces.

92 2825 178 2878 infelici
187 2829 230 2879 viic
240 2830 331 2881 dextro
337 2834 402 2897 Jano
412 2848 490 2903 portae
503 2840 664 2892 Carmentalis
673 2843 785 2911 profess,
797 2848 832 2903 ad

93 2908 221 2955 Cremeram
229 2909 321 2958 flumen
330 2913 488 2977 perveniunt.
510 2916 531 2966 is
545 2930 701 2986 opportunus
713 2922 779 2974 visus
790 2928 829 2977 lo-

92 2994 131 3032 eus
147 2983 334 3034 communiendo
351 2986 473 3053 praesrdio.
508 2993 540 3040 L.
560 2994 673 3045 AEmilius
689 2998 747 3049 inde
759 3000 785 3052 de
797 3006 831 3053 C.

93 3058 194 3112 servum
205 3060 390 3126 consuessaffi.
419 3063 453 3127 dc,
465 3065 698 3128 douccuiiulaliud
713 3081 789 3144 quam
801 3074 832 3129 in
909 3090 911 3095 ·

430 3142 453 3197 F
779 3169 827 3224 po·
