2117 3642
382 208 623 257 LIBERI.
858 225 887 270 19

141 311 191 360 que
202 309 296 364 repent,
314 309 346 344 err
360 296 423 359 agris
435 297 459 343 in
470 297 557 344 urbem
568 296 656 359 illatus,
669 311 715 362 pro
728 295 819 357 nuncio
830 297 889 348 suit.¹

142 371 248 422 Excitus
269 371 388 422 Rbrnulut
412 371 501 438 (neque
524 373 589 419 enim
606 373 748 420 dilationem
765 373 817 438 pati
834 384 893 423 tam

143 450 257 510 vicinum
274 449 364 496 bellurn
377 452 482 512 poterat)
506 449 641 496 exercitum
655 448 756 501 educit:
783 448 891 499 castren

142 525 243 575 Fidenis
264 527 329 574 mille
344 523 453 591 passuum
466 525 541 574 locat.
559 525 593 573 ibi
609 525 708 574 modico
723 525 909 592 prasidio.re·¹'

143 602 210 665 litto,
231 601 333 666 egreffus
351 601 471 649 omnibus
488 601 574 664 copiis,
596 596 689 665 partem
705 602 811 649 militum
827 602 892 652 locis·
980 599 983 605 “

143 681 210 728 circa
226 673 302 738 densat
316 676 392 727 obfita
406 676 515 740 virgulta
530 675 637 724 obscuris
650 675 767 724 subsidere
786 678 812 724 in
831 675 892 725 inii-⁴

142 753 189 804 diis
196 755 261 818 junii
272 773 279 814 ;
291 769 348 802 cum
359 753 427 819 parte
438 749 533 814 majore
543 763 617 816 atque
628 752 696 800 omni
707 754 816 816 equitatu
830 767 891 818 pro:

143 832 229 896 fedius,
246 831 274 880 id
288 830 355 896 quod
372 830 502 895 querebat,
520 827 673 878 tumultuoso
693 828 824 877 &minaci
846 844 887 891 ge-

143 923 205 958 nere
216 924 312 976 pugnae,
321 906 484 972 adequitando
493 905 550 978 ipsis
559 910 636 971 prope
648 906 732 970 portia,
744 904 836 953 hostem
845 918 890 953 ex·

145 987 226 1044 eivit3
243 986 306 1048 fugae
320 999 427 1048 quoque,
439 999 492 1046 quar
504 983 636 1032 simulanda
648 993 709 1043 erat,
718 980 803 1030 eadem
814 997 895 1045 eque-v

147 1062 199 1111 stria
209 1075 292 1126 pugna
303 1059 400 1106 causam
410 1060 496 1105 minus
512 1059 650 1116 mirabilem
666 1057 741 1106 dedit.
764 1058 789 1105 dc
805 1072 891 1122 quum,

124 1135 126 1139 ’
148 1137 219 1185 velut
232 1137 295 1184 inter
305 1148 392 1200 pugnae
406 1132 517 1197 iugaeque
528 1133 654 1186 consilium
672 1133 807 1200 trepidante
823 1135 896 1198 equis

149 1224 210 1276 tatu,
225 1211 297 1278 pedes
306 1223 404 1276 quoque
413 1210 512 1258 referret
519 1209 630 1273 gradum,
641 1210 720 1276 plenia
726 1215 825 1277 repente
833 1209 896 1276 pon·

147 1291 177 1341 tis
188 1289 253 1339 effusi
269 1289 355 1350 hostes,
372 1287 474 1353 impulsi
486 1287 600 1336 Romani
614 1289 769 1351 acie,‚ssudio
787 1287 891 1339 instandi

145 1357 308 1434 sequendique
320 1365 450 1414 trabuntur
459 1364 490 1412 ad
506 1365 589 1414 locum
603 1363 751 1414 insidiarum.
780 1366 840 1416 Inde
850 1366 893 1415 stt·=

144 1445 199 1496 bite
211 1442 292 1493 exorti
301 1440 415 1505 Romani,
424 1440 587 1492 transversam
597 1443 718 1493 invadunt
725 1443 831 1494 hostium
838 1443 894 1493 aci«

144 1537 193 1572 ern.
230 1520 331 1570 Addunt
341 1533 462 1590 pavorem
470 1523 560 1568 motae
569 1520 649 1570 castris
662 1520 728 1584 tigna
742 1513 894 1585 eorum,'qui

144 1599 172 1649 in
190 1597 298 1666 praesrdio
317 1596 394 1646 relidi
413 1596 517 1646 inerant.
534 1597 570 1646 ita
588 1592 719 1664 multipiici
730 1609 823 1648 terrore
834 1613 892 1664 per·

145 1676 202 1726 culfi
210 1677 346 1738 Fidenates
366 1678 437 1760 prius
441 1677 501 1740 pene
509 1678 585 1738 quarn
594 1675 716 1725 Romunu
717 1691 824 1741 quique
833 1691 890 1727 cum

144 1757 175 1804 e‘o
187 1754 348 1820 equisierant,
366 1741 734 1817 circumagerentfrenirequos,
752 1762 830 1816 terga¹
832 1764 890 1801 νοτ

144 1841 215 1882 tunt:
225 1830 361 1895 'multoque
380 1826 477 1876 effitfitia
486 1828 593 1905 (quippe
604 1830 663 1877 veri
677 1818 771 1894 sergi)
764 1845 834 1894 quir
799 1828 891 1879 simu-

142 1905 218 1956 lantes
230 1906 305 1974 panib
314 1907 374 1954 ante
376 1901 461 1951 secuti
466 1901 670 1969 erant‚oppidtrrn
678 1903 829 1968 repetebant
839 1919 891 1954 non

144 1990 226 2032 tamen
243 1984 365 2049 eripuere
372 1980 396 2031 te
413 1981 491 2029 hosti.
510 1981 629 2028 herens
621 1996 648 2028 ιιι
668 1990 739 2044 terga
755 1983 891 2047 Romamn,

146 2060 214 2126 p'rius
226 2059 372 2123 quimforen
386 2065 520 2123 portarurn
513 2051 695 2119 objicerentur
713 2055 783 2105 velut
794 2059 892 2122 agmine

150 2147 202 2180 uuo
218 2132 341 2194 irrumpit.

180 2213 239 2257 XV.
258 2207 319 2255 Belli
334 2203 459 2253 Fidenatis
475 2204 623 2266 contagione
637 2204 730 2256 irritati
750 2206 894 2271 Veientium
919 2206 924 2211 ’
956 2203 962 2209 “
1046 2202 1047 2205 “

145 2285 228 2346 inimi,
244 2284 269 2332 ἃ
280 2279 497 2344 consanguinitate,
513 2280 580 2342 (uam
599 2281 726 2333 Fidenates
742 2300 841 2350 quoque
858 2289 891 2335 E·

145 2359 218 2410 trusci
232 2359 339 2424 suerunt)
357 2359 382 2406 8<
402 2357 467 2421 qudd
480 2357 537 2423 ipsa·
549 2360 721 2425 propinquitas
737 2364 794 2426 loci,
812 2361 892 2414 ero·
972 2359 976 2366 '

145 2454 217 2488 mana
236 2451 303 2486 arma
315 2436 434 2484 'omnibus
451 2435 540 2484 infesta·
555 2435 665 2487 finitimis
681 2438 763 2503 efflent,
783 2440 891 2489 stimula·

145 2517 226 2580 bat,iu
239 2516 299 2565 fines
308 2517 436 2584 Romanos
451 2525 649 2577 excucurrerunt,
660 2517 826 2583 populabundi
838 2527 892 2574 mat-1
909 2543 913 2548 -

146 2595 180 2658 gis
193 2599 265 2658 quim
280 2591 336 2654 justi
350 2607 419 2640 more
438 2591 504 2640 beili.
539 2594 690 2656 Itaque-non
707 2595 786 2643 castris
798 2594 889 2662 pofitin,

144 2687 195 2720 non
206 2667 345 2736 exspeiiato
357 2669 461 2717 hostium
475 2669 595 2730 exercitu,
612 2679 706 2734 raptam
714 2685 747 2718 ex
755 2672 818 2733 agris
830 2679 891 2737 praes

145 2748 201 2798 dam
218 2756 352 2814 portantes,
366 2747 443 2810 chos
453 2747 562 2795 rediere:
581 2751 707 2798 Romanus
717 2755 810 2812 contra,
826 2751 890 2817 post·

146 2841 219 2890 quam
233 2825 329 2874 bostem
350 2825 376 2872 in
391 2827 454 2890 agris
469 2840 524 2874 non
540 2826 645 2889 invenit,
661 2825 814 2878 dimicationi
825 2828 892 2878 'ultiss

147 2917 192 2954 mar
204 2900 328 2950 instruiius
344 2900 504 2967 intentusque,
513 2902 627 2951 Tiberim
638 2902 730 2952 transit
747 2919 821 2968 quem
829 2905 892 2970 post
894 2958 897 2962 ,

148 2991 220 3074 nuent
234 2977 309 3030 eastra
327 2993 427 3046 ponere,
445 2981 470 3035 n
488 2980 519 3032 ad
534 2981 622 3032 urbem
638 2979 786 3034 acceisunun
797 2982 889 3046 Vejen·

852 3069 890 3109 tet
