2117 3642
303 190 309 197 ’
380 218 550 275 rrrrr
584 194 637 274 rr.¹
836 232 878 297 ⁹³1·
946 268 948 273 .

116 304 181 364 bam
194 306 342 361 inciderunt.
369 321 416 359 nec
431 320 599 377 temperatum
615 308 729 361 manibus
746 307 827 365 font:
844 315 872 365 ni
949 370 951 376 ,

119 392 227 451 propere
247 383 366 448 consules,
388 384 416 435 P.
437 381 554 435 Servilius
574 386 599 435 dr
619 390 668 453 Ap.
691 388 816 453 Claudius,
839 387 879 445 ad*

119 460 333 529 comprimendam
343 460 490 511 seditionem
501 460 698 529 intervenissent..
716 468 746 515 In
755 480 798 516 eor
806 466 872 515 mui-

31 551 37 555 ·
120 538 202 589 titudo
219 537 299 601 versa,
324 539 444 590 ostentare
462 538 564 588 vincula
583 538 625 589 sua
639 540 872 609 deformitatemque

115 612 202 664 aliam.
220 616 280 664 Haec
291 612 315 665 se
325 614 428 665 meritos
437 612 526 677 dicere,
536 614 715 681 exprobrantes
723 614 790 667 suam
803 620 870 683 quis-

117 706 168 760 que
188 690 249 741 alius
266 691 325 750 aiibi
341 691 467 743 militiam.
502 690 627 743 Postulare
645 690 724 741 multo
742 693 871 747 minaciter

118 768 207 832 magis,
225 772 299 833 quam
317 768 469 837 suppliciter,
485 777 514 817 ut
531 766 643 817 senatum
655 779 787 818 vocarent:
807 774 870 821 curi-

113 858 210 911 amque
221 844 274 911 ipsi,
290 845 369 897 futuri
379 844 467 897 arbitri
478 843 697 915 moderatoresque
708 844 801 911 publici
813 862 871 911 con-

117 917 173 983 tilii,
191 920 377 973 circumfluunt.
411 921 486 972 Pauci
496 916 632 971 admodum
642 922 752 983 Petrum,
762 936 824 987 quos
833 939 872 973 ca-

112 994 160 1058 sus
169 997 304 1060 obtulerat,
314 996 434 1047 contradi
444 996 476 1046 ad
487 996 611 1047 consules:
629 1008 725 1047 ceteros
733 1008 811 1049 metus
819 1014 872 1051 non

112 1059 192 1121 curia
202 1073 288 1136 modo,
302 1069 344 1122 sed
354 1074 430 1126 etiam
438 1072 498 1124 foro
504 1072 613 1123 arcebat.
630 1087 676 1124 nec
687 1074 727 1137 agi
739 1074 883 1144 quicquam.

117 1162 169 1214 per
179 1143 370 1213 infrequentiam
378 1157 479 1215 poterat
486 1144 590 1197 senatus.
609 1151 679 1197 Tum
688 1153 749 1199 vero
761 1150 824 1199 eludi
836 1161 874 1203 at·

113 1238 172 1295 ·que
178 1222 278 1275 extrahi
289 1223 314 1273 se
320 1223 455 1274 muuitudo
465 1235 552 1290 putare
559 1243 567 1285 ς
583 1225 617 1289 ἃ,
634 1226 735 1275 Patrum
748 1227 790 1291 qui
802 1226 871 1277 abes·

23 1343 30 1368 ,
118 1293 189 1363 sents
200 1314 252 1349 non
271 1298 336 1364 casu,
353 1315 404 1349 non
420 1310 497 1364 metu,
515 1298 556 1349 scd
573 1298 734 1367 impediendae
747 1303 784 1352 rei
798 1296 871 1355 causi

115 1372 208 1442 abeffc,
221 1378 248 1429 ’ἃ
258 1373 368 1427 con'suies
379 1375 446 1445 ipsos
463 1375 636 1442 tergiversari;
659 1392 705 1427 nec
716 1376 790 1429 dubie
805 1380 869 1431 ludi·

115 1455 175 1507 brio
186 1454 233 1505 esse
246 1452 355 1505 miserias
365 1453 428 1505 suar.
462 1453 520 1519 Jam
529 1469 610 1522 prope
621 1464 682 1519 erat,
698 1464 727 1504 ut
738 1470 769 1505 ne
780 1456 868 1508 consu.

111 1536 170 1591 ium
180 1536 278 1603 quidem
295 1534 405 1599 majestas
419 1535 544 1585 codrceret
554 1532 601 1583 iras
611 1532 751 1583 hominum.
780 1548 868 1609 quum,

19 1666 23 1677 ,
113 1616 213 1680 incerti,
224 1614 354 1678 morando,
365 1630 397 1663 an
408 1607 542 1676 veniendo,
559 1609 613 1678 plus
621 1608 724 1679 periculi
736 1608 867 1662 contrahe·

114 1702 180 1759 rent,
196 1693 296 1743 taudem
312 1689 339 1741 in
355 1685 467 1739 senatum
482 1683 605 1737 veniunt:
622 1682 795 1753 'frequentique
811 1697 867 1739 tan-

112 1772 173 1823 dem
184 1767 261 1836 curia,
277 1783 329 1820 non
340 1765 417 1820 modo
427 1768 492 1816 inter
499 1766 590 1828 Patres,
608 1762 650 1813 sed
660 1779 691 1813 ne
702 1764 767 1813 inter
778 1762 866 1815 consu·
967 1810 973 1826 χ

110 1850 149 1901 let
168 1849 270 1916 quidem
287 1844 362 1915 ipsos,
379 1844 436 1894 [atis
456 1840 632 1894 conveniebat.
668 1840 772 1907 Appius,
789 1840 868 1890 rehe-

111 1926 204 1978 mentis
213 1924 307 1988 ingenii
315 1923 364 1985 vir,
375 1920 481 1988 imperio
490 1916 611 1968 consulari
619 1930 672 1964 rem
682 1915 802 1979 agendam
810 1930 868 1967 cen-

111 2000 197 2058 sebat:
209 2016 263 2050 uno
274 2009 318 2047 aut
325 1998 403 2045 altero
413 1993 648 2060 arrepto,quieturos
656 1990 725 2040 alios.
743 1990 868 2057 servilius,

111 2077 213 2129 lenibus
223 2071 337 2122 remediis
345 2072 436 2136 aptior,
452 2070 589 2117 concitatos
600 2066 694 2141 animos
704 2064 778 2131 fleffl,
794 2072 869 2133 quem

113 2137 208 2213 frangi,
225 2147 329 2216 putabat
348 2160 425 2213 quum
435 2143 520 2207 tutius,
538 2151 592 2199 tum
606 2137 708 2207 facilius,
719 2140 778 2211 effe:

151 2228 253 2278 XXIV.
271 2225 339 2274 Inter
348 2221 401 2273 haec
410 2220 492 2284 major
501 2217 563 2273 alius
578 2229 665 2269 terror.
693 2217 778 2269 Latini
795 2222 865 2287 equi.
880 2274 881 2277 Ἴ
901 2268 907 2273 ,

115 2316 154 2357 tes
175 2317 233 2353 cum
252 2295 405 2351 mmuimoso
426 2294 548 2348 advolant
567 2293 677 2347 nuncio:
703 2295 784 2355 Volscos
805 2297 864 2363 infe.

108 2379 146 2446 sto
167 2378 261 2429 exercite
280 2373 309 2424 ad
326 2372 399 2425 rebem
417 2372 581 2441 oppugnandam
596 2371 681 2422 venire.
708 2388 763 2440 qure
779 2372 865 2429 audita

112 2455 187 2519 (adeo
205 2453 265 2505 duas
287 2465 319 2502 ex
338 2467 388 2502 una
407 2448 510 2500 civitate
528 2448 650 2503 discordia
667 2448 769 2515 fecerat)
790 2450 865 2515 longe

113 2534 185 2585 aliter
203 2533 286 2582 Patres
307 2544 337 2578 ac
358 2527 455 2596 piebem
476 2524 588 2577 affecere.
622 2522 752 2575 Exsultare
771 2523 865 2589 gaudio

112 2610 208 2681 plebem
224 2608 303 2669 nitores
313 2602 417 2673 superis
427 2606 521 2653 Petrum
531 2600 597 2667 adeffe
607 2598 688 2649 dicere
700 2601 770 2647 Deos.
798 2600 863 2659 aijue

111 2686 191 2739 alium
208 2674 364 2745 confirmare,
379 2694 412 2730 ue
426 2678 530 2731 nomina
547 2676 650 2728 darent:
673 2689 730 2723 cum
748 2674 865 2727 omnibus

116 2764 210 2833 potius,
225 2766 301 2829 quam
311 2759 385 2822 soloe,
401 2755 533 2824 perituros.
567 2754 649 2802 Patres
660 2750 800 2815 militarent,
818 2750 880 2802 Pa·‘

38 2844 49 2853 ”
100 2850 164 2893 ‘tter
179 2855 249 2890 arma
267 2844 390 2905 caperent,
414 2842 444 2884 ut
459 2848 534 2901 penes
549 2829 648 2881 eosdem
667 2828 776 2896 pericula
793 2826 862 2896 betti,
889 2838 891 2842 ’

114 2932 190 2979 penca
208 2930 271 2981 quos
293 2911 402 2982 praemia,
425 2908 507 2959 essent.
548 2912 584 2959 At
599 2910 661 2957 vero
680 2905 756 2969 curia,
778 2904 878 2957 moessa'

110 3011 145 3051 ac
156 2991 251 3065 trepida
265 2988 369 3063 ancipiti
383 2996 453 3041 metu
467 2987 492 3043 dr
507 2986 540 3041 ab
555 2986 613 3041 eive
630 2984 655 3041 δι
669 2984 701 3039 ab
714 2982 864 3113 hostpiffi
878 2980 883 2991 “
