2117 3642
359 238 382 286 L
399 239 412 285 1
430 239 449 285 B
466 238 526 287 ER
560 239 602 285 V.‘
815 242 862 297 283

115 324 253 393 quenbsequio
269 326 338 393 plebis
358 328 472 393 oportuit?
488 343 531 393 que
544 325 566 390 fi
578 333 687 393 perpetua
704 324 814 378 concordia
826 326 866 391 fit,

114 404 160 467 quis
170 420 210 453 non
220 404 324 469 spondere
335 404 397 481 ιιιιβὲἶ
416 405 534 455 marimum
545 403 582 453 bac
599 404 715 470 imperium
726 403 864 468 interficiti-

116 495 162 528 mas
169 478 232 529 brevi
239 481 341 545 saturum
353 481 413 547 effe?

149 560 197 605 IV.
215 560 291 624 Atque
303 575 348 625 ego,
364 561 428 625 queim
443 558 481 607 bac
497 555 603 620 confilium
620 557 747 623 collegarum
758 574 863 622 mentm,

116 650 154 699 quo
164 633 264 686 abducere
274 636 356 700 infeild
366 652 390 685 te
407 637 422 685 ei
433 636 493 698 Vejis
504 636 621 683 exercitum
633 635 748 697 nobcemnt,
763 652 804 684 nun
815 637 868 685 uite

111 712 191 776 saleim,
202 714 243 778 sed
260 716 327 763 eliam
346 712 481 778 neceffariam
495 712 577 775 fuerit,
592 710 665 775 pastea
680 711 703 758 di
718 726 796 760 mam:
812 728 868 760 nunc

116 789 142 837 de
153 790 199 855 ipsa
209 792 324 841 canditlcne
335 792 405 839 dicere
416 789 556 838 militantium
570 787 629 836 libet.
656 790 729 851 Quam
741 788 867 851 arationem,

116 882 156 915 non
166 868 225 932 opud
233 885 273 919 ves
279 870 359 933 fhlim,
372 868 412 933 sed
420 868 486 917 etiam
494 867 517 915 in
527 864 611 928 casteis,
622 864 761 928 fibdeatur,
777 865 821 929 ipso
829 880 871 913 eu-

117 944 184 991 ercitu
194 945 331 1009 disceptante,
356 960 433 1008 equam
444 942 540 991 arbitror
549 941 621 991 viden·
630 941 695 1009 paffe.
713 942 736 989 in
746 936 787 1007 qua
793 941 817 1005 fi
824 944 867 989 mi-

117 1018 139 1065 bi
152 1019 192 1083 ipſs
202 1020 262 1082 nihil,
279 1023 333 1087 quod
350 1022 450 1082 dicerem,
467 1020 593 1067 innuentem
607 1021 684 1068 neuin
692 1018 769 1085 posset,
785 1019 872 1077 adven,

111 1094 222 1160 sariorum
230 1103 288 1144 certe
298 1096 425 1145 orationibus
436 1104 544 1145 contentus
555 1094 623 1162 affeetu
658 1094 778 1162 Negabant
791 1107 868 1162 nuper,

118 1171 189 1220 denda
200 1170 238 1237 effe
248 1188 289 1220 era
300 1170 410 1233 millibus,
427 1173 475 1239 quia
493 1188 597 1238 nunqnam
614 1172 666 1223 data
683 1171 753 1239 effent.
779 1190 878 1240 quonam

119 1246 179 1297 modo
190 1248 258 1315 igitur
268 1264 321 1297 mena
332 1249 438 1315 indignari
452 1247 544 1316 pofficnt,
560 1246 632 1315 quibus
649 1248 730 1315 aliquid
743 1251 797 1299 novi
806 1252 869 1314 adje-

66 1330 70 1335 '
119 1326 177 1373 llum
188 1325 335 1393 commodifit‚
353 1327 384 1376 eis
396 1326 488 1379 laborem
497 1327 565 1375 etiam
576 1342 658 1375 navum
670 1338 713 1393 pen
722 1330 821 1394 portione
834 1331 871 1378 tn
902 1367 904 1370 .

111 1402 181 1469 jungi
187 1404 210 1451 θ’
218 1406 317 1471 nusquam
328 1419 365 1453 nec
375 1403 493 1471 eperastne
500 1404 647 1468 emoleanento,
659 1420 697 1453 nec
706 1404 872 1454 enniumentum

112 1478 242 1545 fermefine
252 1483 348 1549 impensu
359 1492 423 1548 opera
439 1481 477 1545 est.
495 1479 555 1531 labar
570 1480 715 1547 voluptasque,
732 1481 870 1547 drffimillinta

118 1556 203 1622 matrab,
214 1560 317 1626 sacietate
332 1560 421 1627 quadum
432 1560 520 1625 intense
530 1558 624 1607 naturali
632 1560 685 1623 suut
689 1558 774 1622 jaubia.
808 1560 871 1611 Mo·

118 1634 168 1696 lest>
177 1644 241 1687 antea
246 1635 336 1701 serebat
347 1637 416 1700 miles,
420 1638 446 1705 fle
450 1638 491 1704 sue
497 1638 588 1702 suntptu
598 1648 685 1703 operam
694 1638 811 1703 reipublice
814 1650 870 1705 prn-

118 1706 186 1759 bere:
197 1711 305 1779 gaudebat
320 1714 384 1777 idem,
395 1721 488 1777 ‚partem
498 1713 549 1761 nomi
562 1713 589 1779 se
607 1727 685 1779 agrum
697 1714 762 1778 pean
780 1716 867 1777 colere3

118 1803 216 1855 quarere,
232 1791 286 1839 urade
295 1788 352 1840 donni
361 1788 479 1855 militiaque
484 1790 510 1856 se
518 1803 544 1835 ae
549 1790 600 1853 snos
611 1789 668 1837 tueri
675 1788 750 1854 peffet.
780 1791 870 1841 Gaudet

118 1880 180 1928 mne,
191 1864 278 1933 srnllui
283 1862 326 1931 sibi
335 1864 488 1932 rempublicam
499 1864 546 1931 effe,
563 1865 591 1914 dr
606 1864 664 1913 taus
670 1864 801 1930 stipmdiom
811 1868 868 1915 acei-

118 1945 162 2006 pit.
179 1958 233 2008 equa
248 1945 317 2009 igitur
330 1944 401 1991 animo
408 1946 516 2006 patiatur,
528 1944 556 2005 se
564 1939 589 1989 ab
598 1941 666 2001 domo,
684 1941 709 1988 ab
717 1958 742 1991 re
748 1944 871 2007 familiari,

119 2020 153 2067 cni
159 2022 240 2083 gravit
255 2020 351 2083 impenfiu
365 2032 405 2067 non
415 2018 454 2079 est,
468 2016 533 2082 paulo
548 2016 627 2064 dlutius
643 2013 716 2081 abmJe.
749 2020 798 2081 Aa,
810 2018 871 2081 fiad

121 2092 207 2141 rabidos
218 2110 266 2141 eum
283 2091 399 2159 respublica
409 2101 479 2154 vocet,
496 2108 538 2141 nun
549 2093 626 2139 meriti
636 2092 715 2139 dicat?
730 2108 812 2142 annua
823 2110 872 2145 κη
956 2145 959 2152 ,

122 2170 322 2234 habes‚·annuam
331 2184 433 2237 operam
443 2168 496 2218 ede.
514 2170 554 2217 An
563 2177 591 2219 tu
600 2181 697 2233 aequum
706 2169 870 2231 contemniti-

122 2250 157 2297 tii
166 2246 270 2297 semestri
280 2246 384 2299 solidum
395 2258 419 2297 te
430 2246 577 2315 stipendium
585 2247 713 2313 accipere?
746 2249 835 2300 invius
848 2250 872 2301 in

48 2393 52 2401 Ι
123 2324 162 2372 lenc
171 2334 235 2391 parte
250 2327 357 2391 ermionis,
373 2326 480 2394 Qiriter,
493 2340 565 2374 mame
575 2342 585 2373 .·
595 2323 628 2389 fic
645 2324 701 2373 mm
711 2341 775 2399 egere
788 2326 871 2395 delent,

122 2403 158 2471 qui
169 2404 297 2453 macenaria
310 2405 380 2455 milite
393 2414 488 2455 utuntur.
507 2412 530 2454 n
541 2418 578 2454 nos
588 2413 688 2470 tanquam
696 2419 744 2453 rnen
754 2403 836 2457 civibus
844 2425 870 2457 a·

117 2496 172 2548 gere
188 2481 305 2531 volumus:
323 2484 399 2550 agique
412 2491 513 2549 tunquam
524 2497 572 2529 curm
582 2483 656 2547 patria
672 2481 776 2548 nobiscnm
793 2500 871 2549 equum

121 2560 234 2624 censemus.
269 2561 368 2610 Ant'non
373 2561 454 2626 stcscipi
465 2558 543 2607 bellam
552 2560 661 2624 oportuit3
677 2566 715 2607 unt
721 2559 772 2625 geri
782 2570 825 2625 pro
836 2561 870 2609 di.

117 2636 204 2703 gnitate
211 2637 285 2703 papuli
297 2638 397 2699 Romani,
407 2638 434 2687 dr
439 2635 517 2701 perfici
527 2643 593 2699 quim
599 2637 697 2701 primaint
708 2643 799 2699 oportet.
817 2638 872 2683 een

117 2714 205 2779 ficietur
223 2718 303 2779 autern,
315 2714 338 2778 fi
353 2728 451 2780 urgemur
468 2710 566 2777 abscffoc:
585 2712 658 2777 fimn
671 2717 722 2760 unte
735 2710 870 2778 abscedentes,

122 2795 188 2857 quim
193 2794 243 2861 spei
253 2794 324 2858 nostre
329 2794 397 2856 finem
408 2791 477 2857 captis
488 2789 549 2853 Vejts
559 2789 728 2856 impoficerimus.
762 2792 796 2856 Si,
813 2792 872 2842 Her·

123 2865 187 2931 cules,
204 2870 261 2918 nullu
273 2869 318 2919 ulia
331 2869 401 2933 canfiu,
418 2867 463 2932 ipfiu
474 2864 590 2931 indignitas
604 2866 790 2933 perseverantiam
800 2869 871 2934 impo-

123 2956 174 2991 nere
184 2944 264 2996 debuit.
300 2946 382 2994 Decem
393 2944 494 3011 quandam
505 2944 625 2995 masuris
636 2943 797 3013 oppugnatuest
810 2944 835 2991 ab
844 2960 871 2992 u·
926 2936 932 2945 ’

123 3034 175 3071 nam
191 3024 301 3077 mulierem
317 3021 343 3075 ab
354 3023 455 3095 emensa
466 3022 570 3073 Gracia.-
587 3028 652 3093 quim
659 3022 736 3092 procul
752 3020 778 3072 ab
788 3015 872 3070 donn?

820 3095 870 3154 qm
