2117 3642
196 232 307 304 '36⁸‘
455 237 684 290 Mtvst
767 305 771 311 ι
832 307 836 312 .

126 313 129 320 ’
200 327 341 379 restituente
362 324 473 393 pediturn
484 325 563 376 aciem
579 326 611 375 ad
618 326 723 392 equites,
739 313 960 393 noneastigando,

201 407 243 468 lad
254 421 327 474 quarn
338 419 390 455 rem
409 405 527 455 leviorem
545 403 672 454 austorem
689 419 747 454 eum
757 405 835 472 ctrlpae
845 403 959 456 societas

200 483 302 548 fecerat)
319 480 368 545 sed,
384 481 417 531 ab
428 483 612 550 imperio'totus
622 483 654 532 ad
672 496 756 550 preces
768 482 859 545 versus,
878 497 958 534 orare

199 562 305 627 singulos
316 561 500 627 universosque,
517 570 542 611 ut
552 563 586 628 sc,
602 578 663 610 ream
672 561 768 626 samm
777 562 824 626 ejas
836 561 889 625 diei,
906 563 958 612 cri-

197 639 256 689 mim
266 641 392 690 eximerem.
426 637 540 689 Almam
556 655 581 688 ac
595 637 718 706 prohibetae
730 639 957 706 colleglstemtrita-

200 721 230 770 tis
241 737 276 770 me
292 722 385 770 amalum
402 721 475 786 politis
485 720 577 786 saraim,
593 722 660 786 quim
676 719 737 768 anias
750 719 875 785 prudentie,
891 719 955 768 dedi.

201 799 304 848 Camillus
314 798 338 846 ia
347 807 435 865 atraque
444 797 517 860 vestra
522 797 685 863 fartuaafimm
696 795 792 863 gloriam
805 796 883 846 videt:
903 813 955 864 ega,

200 879 223 926 ati
234 877 353 940 rqsilultur
361 887 444 944 pagna,
462 875 524 941 (quad
539 875 683 940 miserrimum
692 873 733 937 est)
745 875 860 940 farlmm
870 891 920 924 cam
929 893 956 926 a·

200 954 292 1018 mullas,
309 954 423 1018 infamiam
428 953 595 1018 solmsmtiam.
630 953 759 1018 Optimum
770 953 852 1001 visum
863 953 906 1015 eil,
923 953 955 1002 in

190 1029 358 1081 'liuliuantem
369 1031 447 1078 aciem
459 1029 522 1096 tragii
531 1044 617 1095 equos,
635 1028 660 1077 ἃ
671 1027 774 1095 pedellri
786 1029 869 1094 pugni
878 1029 954 1078 inva-

199 1109 256 1160 dere
269 1109 370 1158 hostem.
389 1111 455 1158 Eunt
467 1109 570 1172 insignes
581 1108 656 1158 armis
664 1106 809 1173 animisque,
826 1108 875 1173 qul
891 1123 953 1174 pre-

199 1189 235 1242 mi
248 1198 316 1253 parte
327 1187 435 1236 maxime
447 1185 559 1253 peditum
572 1185 656 1248 copias
666 1185 763 1234 vident.
780 1184 850 1246 nihil,
867 1199 954 1250 neque

199 1266 265 1334 apud
277 1265 356 1328 duces,
373 1279 452 1330 neque
472 1263 538 1332 apud
555 1264 654 1327 milites,
671 1261 806 1312 remittitur
821 1267 836 1311 a
849 1261 952 1312 suutmo

200 1343 335 1397 certamine
351 1343 437 1392 animi.
473 1342 547 1392 Sensit
564 1358 625 1407 ergo
644 1353 748 1391 eventus
760 1343 859 1391 virtutis
876 1341 954 1393 eois:

200 1437 289 1490 opem:
308 1421 333 1472 ἃ
350 1421 444 1485 Volsci,
461 1423 508 1488 qui
524 1421 601 1472 modo
611 1421 725 1472 simulato
743 1431 812 1470 metu
823 1419 952 1484 cesserant,

201 1502 230 1550 ci
241 1499 266 1547 in
279 1513 363 1547 veram
374 1498 460 1562 sugam
471 1497 548 1559 effusa,
566 1512 655 1561 magna
667 1513 722 1564 pars
732 1497 757 1548 ἃ
769 1496 856 1564 inipso
868 1507 952 1546 certa·

201 1577 276 1641 miae,
294 1577 319 1625 lit
333 1575 387 1642 post
406 1577 432 1625 in
450 1575 509 1639 fuga
521 1574 590 1625 caefi:
608 1577 683 1624 ceteri
695 1575 722 1625 in
733 1575 821 1639 mitris,
838 1590 893 1640 quae
906 1591 953 1626 ca·

201 1665 245 1722 pta
255 1652 341 1704 eodem
353 1653 447 1722 impetu
459 1654 523 1721 sunt,
540 1653 621 1724 plures
633 1665 716 1704 nmen
727 1654 803 1722 capti,
818 1658 893 1721 quirin
904 1669 952 1705 oea

204 1732 254 1784 cisi.

235 1814 320 1862 XXV.
337 1812 387 1864 Ubi
402 1813 427 1863 in
437 1810 589 1862 recensendis
601 1811 708 1879 captitis
717 1827 795 1876 quom
811 1809 951 1880 Tusculani

201 1891 296 1957 aliquot
306 1891 493 1952 noscitarerrtur,
511 1891 595 1941 secreti
612 1890 645 1940 ab
661 1891 714 1940 aliis
731 1891 763 1940 ad
776 1889 890 1940 tribunos
904 1889 952 1940 ad-

1048 306 1050 381 l

1048 458 1050 523 l

201 1967 332 2032 ducuntur,
351 1967 613 2037 percuniiantibusque
623 1967 683 2033 saffi,
700 1967 800 2034 publico
812 1965 913 2017 consrlio
926 1966 954 2018 se
1048 1970 1050 1975 '

200 2046 321 2098 militilse.
334 2049 408 2117 *cujus
419 2059 470 2100 tam
485 2048 564 2098 vicini
578 2046 636 2098 belli
647 2057 716 2096 metu
729 2045 846 2096 Camillus
856 2056 951 2109 motus,

200 2127 306 2194 extemplo
311 2129 338 2194 sl
348 2131 439 2178 Romam
447 2129 546 2192 captivos
556 2126 673 2190 iusim,
691 2125 735 2188 ait,
752 2141 778 2173 nc
790 2126 869 2173 Patres
879 2124 954 2194 ignari

194 2205 248 2270 fiat,
267 2206 393 2271 Tusculanas
404 2207 429 2254 al
437 2199 541 2271 sscietale
551 2205 643 2272 defclffe.
659 2202 733 2268 castris
744 2202 883 2268 exercituique
892 2202 953 2251 iasc-

201 2285 253 2344 rim,
266 2281 288 2345 fi
306 2283 414 2346 videatur,
430 2283 500 2348 prasii
518 2283 605 2347 collega.
626 2285 801 2345 ‚Documento
816 2295 879 2330 unus
898 2278 955 2331 dies

199 2359 288 2420 suerat,
301 2375 331 2411 ne
343 2359 385 2408 sua
397 2360 496 2409 confilia
504 2360 649 2408 melioribus
658 2359 792 2424 praeserret.
809 2374 854 2408 trec
865 2369 953 2409 tamen

198 2445 243 2483 aut
254 2434 306 2500 ipsi,
324 2447 366 2483 aut
383 2436 409 2484 in
426 2436 537 2484 exercitu
549 2436 663 2501 cuiquam
680 2434 737 2484 satis
755 2436 852 2503 placato
862 2427 951 2484 auimo

201 2515 318 2568 Camillus
337 2515 429 2564 laturus
441 2515 539 2582 culpam
558 2515 610 2579 ejus
630 2513 771 2577 videbatur,
787 2516 837 2580 qui
853 2511 953 2564 dalaia

199 2604 252 2644 tam
264 2596 414 2662 praecipitem
423 2593 506 2645 casum
517 2593 652 2662 respublica
664 2590 730 2642 eliet.
749 2593 859 2658 &quum
868 2592 895 2640 in
904 2607 953 2642 ex-

199 2675 287 2738 ercitu,
306 2686 359 2724 tum
371 2677 457 2724 Romae
469 2673 578 2724 constans
589 2673 701 2723 omniurn
712 2671 780 2720 sama
791 2682 853 2733 erat,
871 2682 954 2735 quum

199 2753 270 2802 variis
281 2752 381 2802 fortuni
392 2754 417 2802 in
430 2752 525 2803 Volscis
537 2753 600 2815 gella
609 2767 647 2800 res
661 2749 727 2813 esset,
744 2748 852 2798 adversae
861 2762 955 2813 pugne

199 2829 311 2892 fugaque
323 2832 348 2878 in
360 2834 391 2880 L.
402 2831 477 2878 Furio
488 2830 593 2896 culpam,
611 2829 722 2880 secunda
733 2828 806 2877 decus
819 2840 894 2876 omne
906 2841 953 2891 pe·

199 2921 242 2956 nes
254 2910 291 2954 M.
305 2907 406 2956 Furium
420 2905 475 2956 else.
511 2907 659 2956 Introdoliis
676 2909 701 2956 in
714 2906 824 2954 senatum
833 2905 952 2969 captivis,

199 2997 276 3046 quum
294 2985 358 3034 bello
376 2984 555 3051 persequendos
574 2986 728 3035 Tusculanos
741 2987 822 3032 Patres
842 2981 952 3031 censuis-

197 3055 259 3130 sent,
271 3064 424 3130 Camilloque
436 3064 565 3123 libellum
573 3062 741 3126 mansissent-3
752 3060 893 3126 adjutorem
903 3058 953 3185 silas
