2117 3642
182 208 231 268 316
445 206 480 258 Τ.
516 207 540 258 L
556 206 571 258 1
585 210 610 260 V
627 208 640 259 1
657 209 671 260 1

180 295 278 353 tempore
296 283 420 351 defiserinm
435 287 470 354 sui
491 287 580 337 ciuitati
597 282 688 355 ingrata
699 287 812 352 fluerem
845 286 934 346 absens

179 365 319 433 quindecim
331 364 439 414 millibus
449 366 534 430 gravis
545 367 598 416 nris
609 367 750 416 damnatur.

214 446 341 493 XXXIII.
360 442 472 510 Expulso
483 443 549 507 cive,
565 459 616 508 quo
627 453 758 509 manente,
768 443 786 492 n
797 445 931 512 quiequam

179 524 344 578 bumanorum
362 523 423 574 certi
440 523 481 586 eil,
499 524 556 590 capi
573 527 655 573 Rnnna
671 534 722 573 non
738 534 868 590 potueram
884 526 931 576 ad-

176 611 296 672 ventantq
313 599 382 653 satali
399 602 455 652 urbi
473 601 553 663 clade,
570 601 645 665 legati
654 602 689 660 ,ab
701 601 805 650 Clusinis
815 603 931 666 veniunt,

176 681 301 732 auxilium
312 679 428 730 adversus
441 681 526 730 Gallos
537 690 656 748 petentes.
690 683 753 729 Eam
768 691 866 744 gentem
878 691 929 731 tra·

175 761 244 814 ditur
257 759 332 823 lame,
344 759 478 820 'dulcedine
495 759 596 823 frugum
613 758 771 824 maximeque
782 759 844 823 vini,
860 760 931 810 nova

175 850 230 890 tum
250 841 388 906 voluptate,
406 848 511 908 captam,
530 840 605 905 Alpes
624 836 741 901 transisse,
758 837 878 903 agrosque
894 839 929 888 ab

174 917 282 970 Etruscis
291 922 349 969 ante
360 918 439 969 cultor
450 916 575 986 possedisse
587 936 593 966 ι
608 916 633 966 ἃ
645 916 767 982 invexisle
778 916 804 966 iu
817 916 927 968 Galliam

174 998 263 1050 vinum
275 995 401 1056 illiciendae
412 997 492 1066 gentis
511 991 585 1046 'causi
600 982 867 1058 aruntem'cluliuum,
883 995 925 1046 ira

174 1087 298 1144 corrupta
309 1077 395 1128 uxoris
404 1076 437 1129 ab
445 1078 602 1136 Lucumone,
610 1074 651 1124 eui
663 1073 763 1124 tutoris
774 1072 926 1141 sicutipse,

173 1167 328 1226 praepotente
336 1155 438 1219 juvene,
456 1154 482 1204 dt
492 1159 507 1204 a
519 1169 571 1218 quo
585 1153 670 1219 expeti
679 1167 765 1220 poenae,
781 1150 826 1202 nifi
841 1163 926 1202 exter·

174 1249 208 1290 na
219 1235 258 1284 vis
269 1233 365 1299 quaesita
376 1233 441 1294 effit,
458 1233 597 1298 nequirent.
613 1231 681 1280 hunc
692 1227 873 1280 transeuntibus
881 1231 927 1279 Al-

174 1328 218 1382 pes
234 1311 331 1377 ducem,
348 1310 522 1376 audioremque
542 1311 651 1363 Clrrsrutn
665 1311 828 1380 oppugnandi
844 1310 926 1362 suisse-

175 1390 298 1458 Equidem
315 1389 381 1440 haud
397 1389 534 1452 abnuerim,
553 1389 661 1440 Clusmm
673 1390 760 1440 Gallos
770 1390 802 1440 ab
820 1393 925 1453 Arunte,

173 1468 217 1520 seu
231 1485 282 1536 quo
294 1470 344 1518 alio
357 1469 464 1532 Clusino,
476 1466 610 1518 addustos:
627 1467 670 1518 sed
679 1483 730 1532 eos,
741 1468 785 1534 qui
794 1482 927 1536 oppugna·

173 1551 258 1605 verint
277 1547 393 1610 Clusium,
410 1562 461 1598 non
480 1545 559 1610 fuisse,
573 1548 620 1613 -qui
637 1548 712 1614 primi
730 1547 806 1614 Alpes
825 1545 924 1594 transre-
949 1588 953 1595 ,

172 1627 231 1690 rint,
249 1625 305 1676 sarie
320 1628 424 1676 eonfiat.
440 1625 554 1678 ducentis
573 1627 665 1694 quippe
682 1627 753 1676 annis
766 1628 832 1689 ante,
849 1629 925 1690 quatu

174 1703 283 1757 Clusium
289 1703 475 1778 oppugnarent,
491 1705 628 1772 urbemque
639 1709 745 1755 Romam
755 1713 879 1770 caperent,
896 1704 925 1754 in

172 1785 273 1838 Italiam
283 1785 349 1835 Galli
357 1783 583 1834 transcenderunt:
601 1799 647 1834 nee
658 1799 716 1833 cum
724 1783 761 1832 his
771 1783 877 1848 primunr
889 1783 925 1831 E·

170 1863 321 1928 truscorrrm,
337 1862 378 1912 sed
389 1863 469 1914 multo
486 1865 543 1912 anti:
553 1877 611 1912 cum
624 1863 662 1926 iis,
679 1861 722 1928 qui
737 1861 799 1910 inter
808 1860 923 1926 Apenni-

172 1959 233 1996 num
245 1941 367 2012 Alpesque
383 1941 533 2006 incolebant,
550 1938 613 2007 saepe
629 1940 752 1990 exercitio
770 1937 859 1988 Gallici
875 1952 924 2004 pu·

172 2039 292 2104 gnavere.
327 2022 469 2078 Tuscorum
486 2031 544 2072 ante
563 2018 857 2091 Romanumkimperium
874 2017 925 2068 lare

172 2105 238 2154 terra
251 2102 361 2168 marique
381 2115 440 2168 opes
459 2110 570 2168 patuere.
596 2098 658 2148 mari
674 2096 764 2164 supero
783 2095 924 2160 inferoque,

172 2182 263 2250 quibus
277 2180 348 2230 Italia
363 2167 453 2253 insule
464 2179 542 2228 modo
559 2178 675 2242 cingitur,
697 2186 817 2242 quantum
833 2184 925 2242 potue·

172 2261 232 2321 rint,
249 2258 351 2308 nomina
367 2255 423 2304 sunt
437 2266 596 2320 argumento,
614 2253 680 2320 quod
690 2254 795 2319 altemm
810 2250 924 2324 Tuscum

172 2335 301 2388 communi
313 2332 438 2383 vocabulo
445 2333 533 2398 gentis,
551 2333 656 2382 alterum
663 2330 834 2380 Hadriaticum
845 2345 924 2392 mare,

171 2411 205 2464 ab
214 2411 307 2469 Hadria
318 2408 459 2460 Tuscorum
468 2411 574 2473 colonia,
583 2425 709 2460 vocavere
723 2409 814 2458 Italieae
824 2416 922 2472 gentes.

160 2496 161 2502 ’
173 2491 255 2542 Graeci
264 2487 350 2540 eadem
357 2489 519 2556 Tyrrhenum
527 2499 601 2554 atque
608 2487 779 2538 Hadriaticum
786 2494 887 2537 vocant.
899 2485 923 2536 li

171 2569 198 2622 in
210 2581 341 2636 utrumque
357 2581 424 2617 mare
439 2577 570 2631 vergentes
583 2566 709 2617 incoluere
718 2565 818 2614 urbibus
827 2560 923 2614 duode-

103 2647 106 2654 '
170 2651 209 2702 nis
219 2661 302 2712 terras,
319 2645 387 2714 prius
398 2645 432 2696 cis
445 2645 605 2713 Apenninum
613 2643 644 2694 ad
655 2639 762 2695 i'nscrum
769 2657 848 2707 mare,
859 2641 931 2708 poll«

170 2743 200 2780 ea
212 2738 277 2776 trans
293 2725 460 2791 Apenninum,
478 2723 593 2787 totidem,
610 2732 673 2788 quot
690 2721 771 2789 capita
782 2720 884 2785 originis
895 2735 924 2769 e·

85 2797 86 2802 ¹
170 2815 234 2868 rant,
252 2803 356 2854 coloniis
365 2802 452 2852 millu:
470 2817 524 2867 quaa
534 2812 600 2851 nans
609 2799 703 2850 Padum
712 2799 797 2850 omnia
806 2799 869 2861 loca,
879 2812 924 2849 ex·

171 2881 408 2952 ceptoVenetorum
422 2879 522 2943 angulo,
539 2880 581 2945 qui
593 2879 671 2929 smum
680 2876 860 2929 circumcolunt
868 2891 923 2926 ma·

170 2962 212 3024 ris,
228 2959 303 3024 usque
314 2955 345 3005 ad
354 2956 429 3022 Alpes
441 2966 550 3006 tenuere.
585 2957 683 3024 Alpinis
691 2970 791 3022 quoque
803 2970 832 3004 ea
840 2954 921 3019 genti·

169 3037 215 3092 bus
221 3033 287 3090 haud
296 3031 368 3086 dubie
378 3034 450 3103 origo
459 3033 716 3103 est,maxinreRaetis:
726 3047 789 3103 quot
799 3031 874 3085 locai
892 3028 921 3146 {a
