2117 3642
177 193 208 246 56
316 151 322 166 ἱ
440 187 649 236 T.1.1v11

174 275 252 341 perbo
263 289 402 340 cognomen
416 274 478 326 sacta
489 274 636 339 indiderunt,
653 278 711 344 quia
722 278 833 344 socenrm
849 294 934 344 gener

103 407 107 414 .
174 351 294 418 sepulturi
304 354 446 418 prohibuit:
464 355 576 403 Romulum
583 371 658 420 quoque
669 356 877 422 insepuirmnperr‘ffe
886 357 931 409 di-

174 427 275 478 iiitanr:
293 430 409 494 primores
421 433 527 492 Parrum,
539 444 600 495 quos
609 432 687 480 Servii
695 432 767 481 rebus
773 430 858 482 savine
870 443 930 484 cre·

173 506 255 568 debat,
272 505 409 556 interfecit:
437 508 547 558 conscius
565 507 660 572 deinde,
675 509 739 558 male
752 511 873 574 quaerendi
883 528 929 562 re·

175 585 219 648 gni
229 581 295 632 absc
309 584 362 650 ipso
372 583 486 636 adversus
498 585 521 638 ic
532 586 672 654 exemplum
685 588 739 652 capi
750 586 825 654 posse,
841 605 929 640 anna-

166 661 206 711 ·t'u
224 677 310 728 corpus
324 663 495 732 circumsepsit.
511 680 591 730 neque
601 666 668 715 enim
679 665 712 716 ad
723 665 763 727 jus
773 668 840 730 regni
850 670 928 732 quic-

175 755 250 806 quam
267 752 352 808 praeter
363 743 416 792 vim
435 742 556 804 habebat;
573 745 652 808 utqui
668 758 748 808 neque
756 739 841 810 popuii
846 745 928 808 jussu,

174 834 254 884 neque
263 809 403 870 cufioribuc
415 821 525 870 Patribus
535 830 655 883 regnaret.
688 823 727 870 Eb
737 820 875 885 accedebat,
893 833 929 873 ut

174 897 201 948 in
212 899 312 948 caritate
321 897 415 947 civium
421 897 483 948 nihil
492 897 542 965 spei
553 899 680 964 reponenti
692 909 760 948 metu
770 913 874 964 regnum
881 910 927 948 tu·

173 975 276 1029 randum
290 973 362 1026 css'et:
379 991 453 1040 quern
465 986 494 1026 ut
504 976 614 1042 pluribus
624 978 751 1038 incuteret,
767 976 928 1040 cognitiones

174 1055 316 1123 capitalium
334 1069 415 1108 rerum
430 1053 479 1106 fine
490 1054 594 1105 confiliic
608 1052 685 1122 perse
702 1052 765 1106 solus
775 1056 923 1106 exercebat:

175 1149 267 1202 perque
278 1148 333 1184 earn
347 1131 444 1182 cnrrsam
456 1132 576 1194 occidere,
592 1134 619 1182 in
629 1131 740 1182 exsuium
748 1147 834 1196 agere,
849 1134 928 1187 bonis

174 1214 279 1266 multare
296 1221 391 1276 poterat
401 1226 460 1266 ¹non
476 1209 596 1276 suspectos
610 1209 687 1260 mono
701 1221 745 1260 aut
764 1209 865 1276 invisor,
880 1211 928 1265 sed

171 1291 241 1342 unde
247 1289 308 1339 nihil
318 1287 393 1350 aliud,
402 1293 474 1352 quarn
484 1286 596 1354 predam,
611 1287 706 1355 sperare
716 1288 800 1355 posset.
827 1292 864 1339 Ita
876 1293 926 1340 Pa-

175 1381 242 1419 rrum
253 1367 373 1433 precipue
380 1379 482 1416 munero
493 1365 635 1429 imminuto,
649 1365 731 1416 statuit
746 1367 825 1418 nullon
833 1368 861 1418 in
875 1369 925 1416 Pa·

151 1441 156 1449 “
175 1460 225 1500 cres
235 1446 329 1510 legere3
345 1447 395 1510 quo
406 1444 570 1512 contemptior
582 1445 704 1512 paucitate
717 1446 770 1514 ipsa
782 1445 846 1496 ordo
855 1443 927 1516 effer,

175 1522 302 1590 minusque
312 1537 356 1591 per
366 1522 390 1572 se
400 1522 512 1587 nihil-agi
522 1520 715 1587 indignarennu.
748 1523 797 1574 Hic
810 1524 925 1574 enimre-

174 1617 236 1667 gum
246 1604 337 1670 primur
353 1598 469 1650 nuditum
479 1606 493 1650 a
503 1600 626 1668 prioribus
643 1615 739 1651 morem
757 1599 788 1651 de
806 1603 926 1654 omnibns

172 1679 286 1731 senatum
299 1677 439 1730 consulendi
450 1677 542 1728 solvit:
562 1677 698 1741 domesticis
711 1678 815 1730 confinia
824 1690 924 1750 rempu-

176 1758 271 1810 blicam
278 1757 468 1810 administravit:
485 1756 585 1823 bellum,
600 1771 694 1825 pacem,
704 1756 802 1824 federa,
818 1758 925 1810 sociere·

176 1845 214 1887 tes
225 1851 268 1902 per
282 1834 305 1885 se
317 1835 375 1903 ipse,
386 1850 443 1885 cum
454 1835 543 1901 quibua
551 1834 641 1898 voluit,
650 1832 740 1897 injuffu
750 1835 835 1902 popuii
845 1851 874 1886 ae
885 1836 923 1886 se-

173 1913 256 1978 natus,
271 1913 337 1978 fecit,
349 1914 502 1980 diremitque.
536 1913 684 1964 Latinomm
694 1910 738 1961 fibi
747 1913 855 1964 maxime
863 1929 923 1978 flen-

176 2001 228 2043 tem
235 1993 390 2059 conciliabat,
406 2005 435 2044 ut
449 1993 581 2062 peregrinis
592 2005 690 2058 quoquc
702 1992 791 2059 opibus
800 1993 876 2042 tutior
884 1992 924 2042 in·

177 2080 217 2122 ter
230 2071 297 2122 cives
306 2070 372 2122 effer.
400 2086 477 2138 neque
492 2068 599 2138 hospitia
614 2067 690 2120 modo
703 2084 761 2119 cum
776 2066 927 2135 primoribus

172 2165 269 2214 eorum,
286 2149 326 2200 sed
340 2150 467 2202 affinitatet
478 2165 586 2215 quoque,
597 2147 726 2211 jungebat.
752 2145 933 2198 ottavioMn·

174 2231 245 2280 milio
254 2226 405 2287 Tusctuano,
415 2227 444 2289 (is
454 2226 646 2288 longe-princeps
658 2220 741 2268 Latini
748 2223 853 2271 nominis
863 2233 926 2287 erat,

177 2303 279 2353 sifamae
296 2299 425 2360 credimus,
442 2298 474 2345 ab
489 2297 564 2344 Ulixe
580 2298 682 2356 Deaque
694 2294 764 2340 Circe
781 2293 928 2363 oriundum)

178 2379 204 2426 ei
211 2374 329 2426 Mamilio
337 2372 413 2422 filiam
422 2381 528 2435 nuptum
536 2367 591 2428 dat3
608 2380 700 2433 perque
710 2381 750 2415 eas
758 2368 854 2436 nuptias
862 2373 927 2424 mul-
956 2435 962 2443 ,

179 2463 219 2505 tos
230 2451 274 2500 fibi
285 2459 403 2514 cognatos
410 2445 557 2511 amicosque
565 2445 618 2509 ejus
631 2444 755 2496 conciliat.

212 2531 246 2580 L.
258 2529 315 2592 Janr
325 2541 415 2591 magna
424 2523 557 2591 Tarquinii
567 2520 697 2575 auctoritas
707 2523 771 2574 inter
777 2522 926 2576 Latinorum

178 2620 293 2675 proceres
309 2614 377 2666 erat;
402 2617 487 2668 quum,
512 2601 539 2650 in
557 2599 623 2649 diem
641 2608 734 2648 certam
749 2611 778 2650 ut
793 2599 825 2650 ad
838 2601 924 2653 lucum

172 2687 318 2738 -Fcrcntinae
334 2683 492 2746 conveniant,
509 2680 611 2734 indicit:
629 2677 683 2742 effe,
700 2695 755 2744 quae
765 2695 836 2745 agere
847 2678 877 2730 de
887 2695 926 2730 re.

155 2773 156 2776 ’
178 2765 226 2816 bur
237 2763 408 2817 communibus
420 2762 490 2811 velit,
526 2758 686 2809 Conveniunt
695 2758 832 2824 frequentes
845 2759 926 2825 primi

177 2845 243 2896 iuce.
269 2841 320 2908 ipse
332 2839 483 2903 Tarquinius
494 2838 561 2888 diem
569 2836 667 2902 quidem
674 2836 798 2896 servavit;
815 2835 925 2901 sedpau-
969 2840 976 2856 '

177 2923 204 2974 10
216 2921 279 2981 ante,
291 2921 366 2980 quim
376 2914 412 2964 sol
423 2914 554 2978 occideret,
571 2914 649 2964 venir.
684 2914 765 2964 Multa
775 2912 812 2963 ibi
820 2914 873 2963 toti
883 2911 926 2961 die

174 2997 206 3054 in
217 2995 325 3062 concilio
342 2992 418 3045 variis
433 2990 524 3058 jeiiata
536 2989 690 3048 sermonibru
708 2999 792 3042 erano·
822 2993 924 3041 Turnus

859 3069 923 3119 Her·
