<?xml version="1.0" encoding="UTF-8"?>
<!DOCTYPE html PUBLIC "-//W3C//DTD XHTML 1.0 Transitional//EN"
    "http://www.w3.org/TR/xhtml1/DTD/xhtml1-transitional.dtd">
<html xmlns="http://www.w3.org/1999/xhtml" xml:lang="en" lang="en">
 <head>
  <title>
</title>
<meta http-equiv="Content-Type" content="text/html;charset=utf-8" />
  <meta name='ocr-system' content='tesseract 3.04.00' />
  <meta name='ocr-capabilities' content='ocr_page ocr_carea ocr_par ocr_line ocrx_word'/>
</head>
<body>
  <div class='ocr_page' id='page_1' title='image "./historiarumabur01livygoog_0463.png"; bbox 0 0 2117 3642; ppageno 0'>
   <div class='ocr_carea' id='block_1_1' title="bbox 73 236 896 1099">
    <p class='ocr_par' dir='ltr' id='par_1_1' title="bbox 73 236 896 1099">
     <span class='ocr_line' id='line_1_1' title="bbox 263 236 892 303; baseline -0.005 -13"><span class='ocrx_word' id='word_1_1' title='bbox 263 294 268 301; x_wconf 69' lang='grc'><em>,</em></span> <span class='ocrx_word' id='word_1_2' title='bbox 391 238 416 289; x_wconf 79' lang='lat'>1.</span> <span class='ocrx_word' id='word_1_3' title='bbox 431 238 446 289; x_wconf 91' lang='lat'>1</span> <span class='ocrx_word' id='word_1_4' title='bbox 463 238 482 289; x_wconf 84' lang='lat' dir='ltr'>B</span> <span class='ocrx_word' id='word_1_5' title='bbox 499 236 521 288; x_wconf 84' lang='lat' dir='ltr'><strong>E</strong></span> <span class='ocrx_word' id='word_1_6' title='bbox 539 238 563 289; x_wconf 82' lang='lat' dir='ltr'>R</span> <span class='ocrx_word' id='word_1_7' title='bbox 596 238 675 288; x_wconf 86' lang='lat' dir='ltr'><strong>VIII.</strong></span> <span class='ocrx_word' id='word_1_8' title='bbox 841 254 892 303; x_wconf 74' lang='lat'>451</span> 
     </span>
     <span class='ocr_line' id='line_1_2' title="bbox 73 318 894 397; baseline -0.001 -15"><span class='ocrx_word' id='word_1_9' title='bbox 73 318 76 331; x_wconf 65' lang='lat'><strong>⁴</strong></span> <span class='ocrx_word' id='word_1_10' title='bbox 141 328 286 382; x_wconf 77' lang='lat' dir='ltr'>Exanimati</span> <span class='ocrx_word' id='word_1_11' title='bbox 297 342 383 379; x_wconf 82' lang='lat' dir='ltr'>omnes</span> <span class='ocrx_word' id='word_1_12' title='bbox 393 339 444 380; x_wconf 83' lang='lat' dir='ltr'>tam</span> <span class='ocrx_word' id='word_1_13' title='bbox 455 330 535 381; x_wconf 86' lang='lat' dir='ltr'>atroci</span> <span class='ocrx_word' id='word_1_14' title='bbox 545 331 662 397; x_wconf 88' lang='lat' dir='ltr'>imperio,</span> <span class='ocrx_word' id='word_1_15' title='bbox 679 342 725 380; x_wconf 89' lang='lat' dir='ltr'>nec</span> <span class='ocrx_word' id='word_1_16' title='bbox 735 326 807 379; x_wconf 82' lang='lat' dir='ltr'>aliter</span> <span class='ocrx_word' id='word_1_17' title='bbox 816 334 894 394; x_wconf 75' lang='lat' dir='ltr'>quarn</span> 
     </span>
     <span class='ocr_line' id='line_1_3' title="bbox 142 406 892 476; baseline -0.004 -17"><span class='ocrx_word' id='word_1_18' title='bbox 142 409 169 459; x_wconf 84' lang='lat' dir='ltr'>&#39;ut</span> <span class='ocrx_word' id='word_1_19' title='bbox 180 407 205 457; x_wconf 87' lang='lat' dir='ltr'>se</span> <span class='ocrx_word' id='word_1_20' title='bbox 222 406 324 473; x_wconf 90' lang='lat' dir='ltr'>quisque</span> <span class='ocrx_word' id='word_1_21' title='bbox 340 406 475 459; x_wconf 75' lang='lat' dir='ltr'>deliridiam</span> <span class='ocrx_word' id='word_1_22' title='bbox 485 420 612 459; x_wconf 78' lang='lat' dir='ltr'><strong>cernentes</strong></span> <span class='ocrx_word' id='word_1_23' title='bbox 628 408 742 476; x_wconf 86' lang='lat' dir='ltr'>securim,</span> <span class='ocrx_word' id='word_1_24' title='bbox 758 417 828 457; x_wconf 89' lang='lat' dir='ltr'>metu</span> <span class='ocrx_word' id='word_1_25' title='bbox 838 422 892 456; x_wconf 87' lang='lat' dir='ltr'>ma-</span> 
     </span>
     <span class='ocr_line' id='line_1_4' title="bbox 142 484 895 553; baseline -0.001 -18"><span class='ocrx_word' id='word_1_26' title='bbox 142 484 189 549; x_wconf 81' lang='lat' dir='ltr'>gis,</span> <span class='ocrx_word' id='word_1_27' title='bbox 207 490 281 549; x_wconf 76' lang='lat' dir='ltr'>quarn</span> <span class='ocrx_word' id='word_1_28' title='bbox 298 485 422 551; x_wconf 76' lang='lat' dir='ltr'>modestid,</span> <span class='ocrx_word' id='word_1_29' title='bbox 440 487 568 553; x_wconf 87' lang='lat' dir='ltr'>quievere.</span> <span class='ocrx_word' id='word_1_30' title='bbox 602 490 699 553; x_wconf 86' lang='lat' dir='ltr'>Itaque,</span> <span class='ocrx_word' id='word_1_31' title='bbox 717 488 789 537; x_wconf 90' lang='lat' dir='ltr'>velut</span> <span class='ocrx_word' id='word_1_32' title='bbox 797 484 895 535; x_wconf 88' lang='lat' dir='ltr'>emerso</span> 
     </span>
     <span class='ocr_line' id='line_1_5' title="bbox 142 557 895 629; baseline 0.003 -16"><span class='ocrx_word' id='word_1_33' title='bbox 142 564 175 613; x_wconf 86' lang='lat' dir='ltr'>ab</span> <span class='ocrx_word' id='word_1_34' title='bbox 187 557 349 615; x_wconf 73' lang='lat' dir='ltr'>admiratione</span> <span class='ocrx_word' id='word_1_35' title='bbox 360 568 452 628; x_wconf 85' lang='lat' dir='ltr'>animo,</span> <span class='ocrx_word' id='word_1_36' title='bbox 469 578 548 629; x_wconf 86' lang='lat' dir='ltr'>quum</span> <span class='ocrx_word' id='word_1_37' title='bbox 558 562 655 613; x_wconf 83' lang='lat' dir='ltr'>filentio</span> <span class='ocrx_word' id='word_1_38' title='bbox 666 565 744 616; x_wconf 83' lang='lat' dir='ltr'>defixi</span> <span class='ocrx_word' id='word_1_39' title='bbox 761 564 895 625; x_wconf 76' lang='lat' dir='ltr'>stetissent3</span> 
     </span>
     <span class='ocr_line' id='line_1_6' title="bbox 143 638 895 709; baseline 0.001 -19"><span class='ocrx_word' id='word_1_40' title='bbox 143 644 251 707; x_wconf 77' lang='lat' dir='ltr'>repente,</span> <span class='ocrx_word' id='word_1_41' title='bbox 267 642 395 709; x_wconf 83' lang='lat' dir='ltr'>postquam</span> <span class='ocrx_word' id='word_1_42' title='bbox 412 642 510 690; x_wconf 85' lang='lat' dir='ltr'>cervice</span> <span class='ocrx_word' id='word_1_43' title='bbox 528 641 588 689; x_wconf 69' lang='lat' dir='ltr'>cati</span> <span class='ocrx_word' id='word_1_44' title='bbox 604 638 671 689; x_wconf 85' lang='lat' dir='ltr'>susus</span> <span class='ocrx_word' id='word_1_45' title='bbox 689 642 723 689; x_wconf 80' lang='lat' dir='ltr'>en</span> <span class='ocrx_word' id='word_1_46' title='bbox 740 658 822 705; x_wconf 88' lang='lat' dir='ltr'>cruor,</span> <span class='ocrx_word' id='word_1_47' title='bbox 838 651 895 691; x_wconf 89' lang='lat' dir='ltr'>tum</span> 
     </span>
     <span class='ocr_line' id='line_1_7' title="bbox 143 716 895 786; baseline -0.001 -17"><span class='ocrx_word' id='word_1_48' title='bbox 143 718 223 769; x_wconf 87' lang='lat' dir='ltr'>libero</span> <span class='ocrx_word' id='word_1_49' title='bbox 234 720 366 786; x_wconf 84' lang='lat' dir='ltr'>conquestu</span> <span class='ocrx_word' id='word_1_50' title='bbox 375 730 467 769; x_wconf 74' lang='lat' dir='ltr'>coorta</span> <span class='ocrx_word' id='word_1_51' title='bbox 479 733 556 767; x_wconf 82' lang='lat' dir='ltr'>voces</span> <span class='ocrx_word' id='word_1_52' title='bbox 567 716 632 782; x_wconf 88' lang='lat' dir='ltr'>sunt,</span> <span class='ocrx_word' id='word_1_53' title='bbox 643 729 672 767; x_wconf 90' lang='lat' dir='ltr'>ut</span> <span class='ocrx_word' id='word_1_54' title='bbox 682 732 762 783; x_wconf 90' lang='lat' dir='ltr'>neque</span> <span class='ocrx_word' id='word_1_55' title='bbox 772 718 895 769; x_wconf 66' lang='lat' dir='ltr'>lamentian</span> 
     </span>
     <span class='ocr_line' id='line_1_8' title="bbox 141 795 895 863; baseline -0.005 -16"><span class='ocrx_word' id='word_1_56' title='bbox 141 812 224 863; x_wconf 88' lang='lat' dir='ltr'>neque</span> <span class='ocrx_word' id='word_1_57' title='bbox 242 797 453 849; x_wconf 78' lang='lat' dir='ltr'>exsecrationibus</span> <span class='ocrx_word' id='word_1_58' title='bbox 472 806 631 863; x_wconf 82' lang='lat' dir='ltr'>parceretur:</span> <span class='ocrx_word' id='word_1_59' title='bbox 656 795 787 862; x_wconf 84' lang='lat' dir='ltr'>spoliisque</span> <span class='ocrx_word' id='word_1_60' title='bbox 807 805 895 845; x_wconf 86' lang='lat' dir='ltr'>conte·</span> 
     </span>
     <span class='ocr_line' id='line_1_9' title="bbox 141 872 896 943; baseline 0 -18"><span class='ocrx_word' id='word_1_61' title='bbox 141 873 208 925; x_wconf 73' lang='lat' dir='ltr'>dium</span> <span class='ocrx_word' id='word_1_62' title='bbox 217 876 317 941; x_wconf 78' lang='lat' dir='ltr'>Juvenis</span> <span class='ocrx_word' id='word_1_63' title='bbox 329 890 428 943; x_wconf 80' lang='lat' dir='ltr'>corpus,</span> <span class='ocrx_word' id='word_1_64' title='bbox 438 884 559 939; x_wconf 83' lang='lat' dir='ltr'>quantum</span> <span class='ocrx_word' id='word_1_65' title='bbox 570 874 717 924; x_wconf 82' lang='lat' dir='ltr'>militaribus</span> <span class='ocrx_word' id='word_1_66' title='bbox 728 873 812 925; x_wconf 75' lang='lat' dir='ltr'>studiis</span> <span class='ocrx_word' id='word_1_67' title='bbox 820 872 896 925; x_wconf 69' lang='lat' dir='ltr'>sunus</span> 
     </span>
     <span class='ocr_line' id='line_1_10' title="bbox 141 942 895 1020; baseline 0 -17"><span class='ocrx_word' id='word_1_68' title='bbox 141 952 219 1003; x_wconf 87' lang='lat' dir='ltr'>ullum</span> <span class='ocrx_word' id='word_1_69' title='bbox 236 954 402 1007; x_wconf 87' lang='lat' dir='ltr'>concelebrari</span> <span class='ocrx_word' id='word_1_70' title='bbox 420 953 506 1020; x_wconf 84' lang='lat' dir='ltr'>potest,</span> <span class='ocrx_word' id='word_1_71' title='bbox 521 942 614 1003; x_wconf 68' lang='lat' dir='ltr'>similo</span> <span class='ocrx_word' id='word_1_72' title='bbox 630 963 703 1002; x_wconf 87' lang='lat' dir='ltr'>extra</span> <span class='ocrx_word' id='word_1_73' title='bbox 718 953 813 1002; x_wconf 76' lang='lat' dir='ltr'>vallum</span> <span class='ocrx_word' id='word_1_74' title='bbox 830 964 895 1015; x_wconf 80' lang='lat' dir='ltr'>rogo</span> 
     </span>
     <span class='ocr_line' id='line_1_11' title="bbox 131 1028 895 1099; baseline -0.003 -17"><span class='ocrx_word' id='word_1_75' title='bbox 131 1031 305 1093; x_wconf 71' lang='lat' dir='ltr'>cremaretur:</span> <span class='ocrx_word' id='word_1_76' title='bbox 329 1033 507 1097; x_wconf 83' lang='lat' dir='ltr'>Manlianaque</span> <span class='ocrx_word' id='word_1_77' title='bbox 527 1033 631 1099; x_wconf 90' lang='lat' dir='ltr'>imperia</span> <span class='ocrx_word' id='word_1_78' title='bbox 649 1047 702 1081; x_wconf 89' lang='lat' dir='ltr'>non</span> <span class='ocrx_word' id='word_1_79' title='bbox 720 1034 747 1081; x_wconf 89' lang='lat' dir='ltr'>in</span> <span class='ocrx_word' id='word_1_80' title='bbox 766 1028 895 1098; x_wconf 72' lang='lat' dir='ltr'>prasentia</span> 
     </span>
    </p>
   </div>
   <div class='ocr_carea' id='block_1_2' title="bbox 141 1107 896 1235">
    <p class='ocr_par' dir='ltr' id='par_1_2' title="bbox 141 1107 896 1235">
     <span class='ocr_line' id='line_1_12' title="bbox 141 1107 896 1235; baseline -0.003 -74"><span class='ocrx_word' id='word_1_81' title='bbox 141 1110 219 1235; x_wconf 48' lang='lat' dir='ltr'>:agdo</span> <span class='ocrx_word' id='word_1_82' title='bbox 230 1110 361 1178; x_wconf 87' lang='lat' dir='ltr'>horrenda,</span> <span class='ocrx_word' id='word_1_83' title='bbox 378 1111 420 1162; x_wconf 89' lang='lat' dir='ltr'>sed</span> <span class='ocrx_word' id='word_1_84' title='bbox 432 1111 541 1179; x_wconf 82' lang='lat' dir='ltr'>exempli</span> <span class='ocrx_word' id='word_1_85' title='bbox 556 1112 632 1161; x_wconf 91' lang='lat' dir='ltr'>etiam</span> <span class='ocrx_word' id='word_1_86' title='bbox 643 1109 716 1161; x_wconf 75' lang='lat' dir='ltr'>tristis</span> <span class='ocrx_word' id='word_1_87' title='bbox 732 1109 759 1158; x_wconf 87' lang='lat' dir='ltr'>in</span> <span class='ocrx_word' id='word_1_88' title='bbox 770 1107 896 1175; x_wconf 75' lang='lat' dir='ltr'>posterum</span> 
     </span>
     <span class='ocr_line' id='line_1_13' title="bbox 177 1197 230 1235; baseline -0.019 0"><span class='ocrx_word' id='word_1_89' title='bbox 177 1197 230 1235; x_wconf 90' lang='lat' dir='ltr'>ent.</span> 
     </span>
    </p>
   </div>
   <div class='ocr_carea' id='block_1_3' title="bbox 142 1235 979 1415">
    <p class='ocr_par' dir='ltr' id='par_1_3' title="bbox 142 1235 979 1415">
     <span class='ocr_line' id='line_1_14' title="bbox 176 1235 979 1332; baseline 0.002 -20"><span class='ocrx_word' id='word_1_90' title='bbox 176 1264 253 1313; x_wconf 89' lang='lat' dir='ltr'>VIII.</span> <span class='ocrx_word' id='word_1_91' title='bbox 270 1260 342 1315; x_wconf 77' lang='lat' dir='ltr'>Fecit</span> <span class='ocrx_word' id='word_1_92' title='bbox 363 1274 446 1315; x_wconf 89' lang='lat' dir='ltr'>tamen</span> <span class='ocrx_word' id='word_1_93' title='bbox 462 1265 581 1315; x_wconf 74' lang='lat' dir='ltr'>atrocitas</span> <span class='ocrx_word' id='word_1_94' title='bbox 599 1279 678 1332; x_wconf 78' lang='lat' dir='ltr'>poenae</span> <span class='ocrx_word' id='word_1_95' title='bbox 698 1260 899 1314; x_wconf 80' lang='lat' dir='ltr'>obedientiorem</span> <span class='ocrx_word' id='word_1_96' title='bbox 974 1235 979 1240; x_wconf 73' lang='lat'><em>-</em></span> 
     </span>
     <span class='ocr_line' id='line_1_15' title="bbox 142 1337 897 1415; baseline 0.005 -28"><span class='ocrx_word' id='word_1_97' title='bbox 142 1337 201 1388; x_wconf 86' lang='lat' dir='ltr'>duci</span> <span class='ocrx_word' id='word_1_98' title='bbox 209 1338 331 1392; x_wconf 86' lang='lat' dir='ltr'>militem:</span> <span class='ocrx_word' id='word_1_99' title='bbox 350 1342 384 1406; x_wconf 81' lang='lat' dir='ltr'>dr,</span> <span class='ocrx_word' id='word_1_100' title='bbox 401 1352 565 1410; x_wconf 80' lang='lat' dir='ltr'>praeterquam</span> <span class='ocrx_word' id='word_1_101' title='bbox 575 1343 641 1409; x_wconf 82' lang='lat' dir='ltr'>quod</span> <span class='ocrx_word' id='word_1_102' title='bbox 658 1340 774 1391; x_wconf 74' lang='lat' dir='ltr'>cusiodiae</span> <span class='ocrx_word' id='word_1_103' title='bbox 790 1340 897 1415; x_wconf 63' lang='lat' dir='ltr'>vigilia·</span> 
     </span>
    </p>
   </div>
   <div class='ocr_carea' id='block_1_4' title="bbox 56 1416 898 1486">
    <p class='ocr_par' dir='ltr' id='par_1_4' title="bbox 56 1416 898 1486">
     <span class='ocr_line' id='line_1_16' title="bbox 56 1416 898 1486; baseline 0.005 -20"><span class='ocrx_word' id='word_1_104' title='bbox 56 1439 60 1451; x_wconf 77' lang='lat'><em>·</em></span> <span class='ocrx_word' id='word_1_105' title='bbox 142 1416 227 1483; x_wconf 84' lang='lat' dir='ltr'>que&amp;</span> <span class='ocrx_word' id='word_1_106' title='bbox 238 1417 300 1469; x_wconf 94' lang='lat' dir='ltr'>ordo</span> <span class='ocrx_word' id='word_1_107' title='bbox 309 1419 442 1471; x_wconf 79' lang='lat' dir='ltr'>stationum</span> <span class='ocrx_word' id='word_1_108' title='bbox 451 1421 591 1471; x_wconf 87' lang='lat' dir='ltr'>intentioris</span> <span class='ocrx_word' id='word_1_109' title='bbox 599 1420 692 1486; x_wconf 89' lang='lat' dir='ltr'>ubique</span> <span class='ocrx_word' id='word_1_110' title='bbox 700 1435 765 1471; x_wconf 83' lang='lat' dir='ltr'>eurae</span> <span class='ocrx_word' id='word_1_111' title='bbox 773 1429 852 1482; x_wconf 88' lang='lat' dir='ltr'>erant,</span> <span class='ocrx_word' id='word_1_112' title='bbox 869 1419 898 1470; x_wconf 88' lang='lat' dir='ltr'>in</span> 
     </span>
    </p>
   </div>
   <div class='ocr_carea' id='block_1_5' title="bbox 141 1496 949 2579">
    <p class='ocr_par' dir='ltr' id='par_1_5' title="bbox 141 1496 949 2579">
     <span class='ocr_line' id='line_1_17' title="bbox 142 1496 897 1568; baseline 0.001 -23"><span class='ocrx_word' id='word_1_113' title='bbox 142 1496 231 1547; x_wconf 85' lang='lat' dir='ltr'>ultimo</span> <span class='ocrx_word' id='word_1_114' title='bbox 240 1498 315 1549; x_wconf 86' lang='lat' dir='ltr'>ctiam</span> <span class='ocrx_word' id='word_1_115' title='bbox 327 1500 471 1566; x_wconf 84' lang='lat' dir='ltr'>certamine,</span> <span class='ocrx_word' id='word_1_116' title='bbox 489 1516 567 1568; x_wconf 90' lang='lat' dir='ltr'>quum</span> <span class='ocrx_word' id='word_1_117' title='bbox 576 1499 719 1550; x_wconf 86' lang='lat' dir='ltr'>descensum</span> <span class='ocrx_word' id='word_1_118' title='bbox 730 1500 756 1549; x_wconf 89' lang='lat' dir='ltr'>in</span> <span class='ocrx_word' id='word_1_119' title='bbox 764 1499 845 1549; x_wconf 87' lang='lat' dir='ltr'>aciem</span> <span class='ocrx_word' id='word_1_120' title='bbox 853 1496 897 1555; x_wconf 61' lang='grc' dir='ltr'>οὓ,</span> 
     </span>
     <span class='ocr_line' id='line_1_18' title="bbox 142 1574 897 1648; baseline 0 -24"><span class='ocrx_word' id='word_1_121' title='bbox 142 1588 172 1625; x_wconf 87' lang='lat' dir='ltr'>ea</span> <span class='ocrx_word' id='word_1_122' title='bbox 182 1576 300 1628; x_wconf 85' lang='lat' dir='ltr'>severitas</span> <span class='ocrx_word' id='word_1_123' title='bbox 311 1578 416 1648; x_wconf 84' lang='lat' dir='ltr'>profuit.</span> <span class='ocrx_word' id='word_1_124' title='bbox 451 1580 510 1631; x_wconf 80' lang='lat' dir='ltr'>Fuit</span> <span class='ocrx_word' id='word_1_125' title='bbox 526 1591 609 1632; x_wconf 90' lang='lat' dir='ltr'>autem</span> <span class='ocrx_word' id='word_1_126' title='bbox 621 1579 691 1630; x_wconf 82' lang='lat' dir='ltr'>civili</span> <span class='ocrx_word' id='word_1_127' title='bbox 707 1578 818 1630; x_wconf 80' lang='lat' dir='ltr'>maxime</span> <span class='ocrx_word' id='word_1_128' title='bbox 828 1574 897 1626; x_wconf 90' lang='lat' dir='ltr'>bello</span> 
     </span>
     <span class='ocr_line' id='line_1_19' title="bbox 142 1655 897 1729; baseline 0.004 -26"><span class='ocrx_word' id='word_1_129' title='bbox 142 1668 226 1721; x_wconf 82' lang='lat' dir='ltr'>pugna</span> <span class='ocrx_word' id='word_1_130' title='bbox 243 1656 335 1708; x_wconf 79' lang='lat' dir='ltr'>surrilis.</span> <span class='ocrx_word' id='word_1_131' title='bbox 352 1660 416 1711; x_wconf 88' lang='lat' dir='ltr'>adeo</span> <span class='ocrx_word' id='word_1_132' title='bbox 434 1662 497 1711; x_wconf 88' lang='lat' dir='ltr'>nihil</span> <span class='ocrx_word' id='word_1_133' title='bbox 516 1661 583 1729; x_wconf 87' lang='lat' dir='ltr'>apud</span> <span class='ocrx_word' id='word_1_134' title='bbox 602 1660 707 1712; x_wconf 82' lang='lat' dir='ltr'>Latinos</span> <span class='ocrx_word' id='word_1_135' title='bbox 723 1658 845 1711; x_wconf 80' lang='lat' dir='ltr'>dissonum</span> <span class='ocrx_word' id='word_1_136' title='bbox 862 1655 897 1707; x_wconf 82' lang='lat' dir='ltr'>ab</span> 
     </span>
     <span class='ocr_line' id='line_1_20' title="bbox 142 1734 897 1804; baseline 0.004 -20"><span class='ocrx_word' id='word_1_137' title='bbox 142 1734 257 1784; x_wconf 84' lang='lat' dir='ltr'>Romana</span> <span class='ocrx_word' id='word_1_138' title='bbox 268 1750 303 1799; x_wconf 87' lang='lat' dir='ltr'>te,</span> <span class='ocrx_word' id='word_1_139' title='bbox 321 1748 409 1802; x_wconf 84' lang='lat' dir='ltr'>praeter</span> <span class='ocrx_word' id='word_1_140' title='bbox 419 1739 524 1800; x_wconf 78' lang='lat' dir='ltr'>animoa,</span> <span class='ocrx_word' id='word_1_141' title='bbox 542 1750 604 1787; x_wconf 85' lang='lat' dir='ltr'>erat.</span> <span class='ocrx_word' id='word_1_142' title='bbox 639 1738 743 1804; x_wconf 74' lang='lat' dir='ltr'>clypeis</span> <span class='ocrx_word' id='word_1_143' title='bbox 758 1747 831 1786; x_wconf 81' lang='lat' dir='ltr'>antee</span> <span class='ocrx_word' id='word_1_144' title='bbox 842 1739 897 1787; x_wconf 86' lang='lat' dir='ltr'>Ro-</span> 
     </span>
     <span class='ocr_line' id='line_1_21' title="bbox 141 1810 897 1887; baseline -0.004 -25"><span class='ocrx_word' id='word_1_145' title='bbox 141 1813 211 1887; x_wconf 74' lang='lat' dir='ltr'>mani</span> <span class='ocrx_word' id='word_1_146' title='bbox 221 1812 257 1862; x_wconf 84' lang='lat' dir='ltr'>ust</span> <span class='ocrx_word' id='word_1_147' title='bbox 269 1811 339 1863; x_wconf 82' lang='lat' dir='ltr'>sunt:</span> <span class='ocrx_word' id='word_1_148' title='bbox 351 1812 449 1875; x_wconf 78' lang='lat' dir='ltr'>deinde,</span> <span class='ocrx_word' id='word_1_149' title='bbox 460 1814 590 1879; x_wconf 81' lang='lat' dir='ltr'>postquam</span> <span class='ocrx_word' id='word_1_150' title='bbox 600 1814 752 1878; x_wconf 73' lang='lat' dir='ltr'>stipendiarii</span> <span class='ocrx_word' id='word_1_151' title='bbox 762 1813 821 1862; x_wconf 79' lang='lat' dir='ltr'>saffl</span> <span class='ocrx_word' id='word_1_152' title='bbox 829 1810 897 1875; x_wconf 82' lang='lat' dir='ltr'>sunt,</span> 
     </span>
     <span class='ocr_line' id='line_1_22' title="bbox 142 1888 896 1957; baseline -0.003 -16"><span class='ocrx_word' id='word_1_153' title='bbox 142 1890 212 1941; x_wconf 84' lang='lat' dir='ltr'>scuta</span> <span class='ocrx_word' id='word_1_154' title='bbox 226 1906 273 1957; x_wconf 89' lang='lat' dir='ltr'>pro</span> <span class='ocrx_word' id='word_1_155' title='bbox 285 1890 378 1956; x_wconf 89' lang='lat' dir='ltr'>clypeis</span> <span class='ocrx_word' id='word_1_156' title='bbox 389 1890 486 1939; x_wconf 88' lang='lat' dir='ltr'>secere:</span> <span class='ocrx_word' id='word_1_157' title='bbox 506 1891 539 1953; x_wconf 73' lang='grc' dir='ltr'>ἃ,</span> <span class='ocrx_word' id='word_1_158' title='bbox 557 1889 626 1954; x_wconf 92' lang='lat' dir='ltr'>quod</span> <span class='ocrx_word' id='word_1_159' title='bbox 637 1900 709 1938; x_wconf 89' lang='lat' dir='ltr'>antea</span> <span class='ocrx_word' id='word_1_160' title='bbox 721 1888 854 1954; x_wconf 71' lang='lat' dir='ltr'>phalange·</span> <span class='ocrx_word' id='word_1_161' title='bbox 864 1888 896 1939; x_wconf 83' lang='lat' dir='ltr'>ii·</span> 
     </span>
     <span class='ocr_line' id='line_1_23' title="bbox 142 1964 897 2033; baseline -0.001 -17"><span class='ocrx_word' id='word_1_162' title='bbox 142 1966 214 2016; x_wconf 85' lang='lat' dir='ltr'>miles</span> <span class='ocrx_word' id='word_1_163' title='bbox 232 1967 409 2029; x_wconf 86' lang='lat' dir='ltr'>Macedonicis,</span> <span class='ocrx_word' id='word_1_164' title='bbox 427 1966 476 2015; x_wconf 90' lang='lat' dir='ltr'>hoc</span> <span class='ocrx_word' id='word_1_165' title='bbox 488 1967 573 2033; x_wconf 77' lang='lat' dir='ltr'>postea</span> <span class='ocrx_word' id='word_1_166' title='bbox 585 1966 756 2031; x_wconf 84' lang='lat' dir='ltr'>manipulatim</span> <span class='ocrx_word' id='word_1_167' title='bbox 767 1964 855 2014; x_wconf 74' lang='lat' dir='ltr'>structa</span> <span class='ocrx_word' id='word_1_168' title='bbox 867 1980 897 2015; x_wconf 89' lang='lat' dir='ltr'>a·</span> 
     </span>
     <span class='ocr_line' id='line_1_24' title="bbox 144 2042 897 2111; baseline -0.003 -16"><span class='ocrx_word' id='word_1_169' title='bbox 144 2045 196 2095; x_wconf 83' lang='lat' dir='ltr'>cies</span> <span class='ocrx_word' id='word_1_170' title='bbox 208 2044 281 2110; x_wconf 87' lang='lat' dir='ltr'>coepit</span> <span class='ocrx_word' id='word_1_171' title='bbox 290 2042 345 2093; x_wconf 83' lang='lat' dir='ltr'>effe.</span> <span class='ocrx_word' id='word_1_172' title='bbox 364 2042 489 2093; x_wconf 85' lang='lat' dir='ltr'>Postremo</span> <span class='ocrx_word' id='word_1_173' title='bbox 500 2044 526 2093; x_wconf 88' lang='lat' dir='ltr'>in</span> <span class='ocrx_word' id='word_1_174' title='bbox 541 2043 622 2111; x_wconf 83' lang='lat' dir='ltr'>plures</span> <span class='ocrx_word' id='word_1_175' title='bbox 637 2042 736 2092; x_wconf 86' lang='lat' dir='ltr'>ordines</span> <span class='ocrx_word' id='word_1_176' title='bbox 744 2042 897 2093; x_wconf 80' lang='lat' dir='ltr'>instrueban-</span> 
     </span>
     <span class='ocr_line' id='line_1_25' title="bbox 144 2112 897 2184; baseline 0 -14"><span class='ocrx_word' id='word_1_177' title='bbox 144 2130 195 2170; x_wconf 92' lang='lat' dir='ltr'>tur.</span> <span class='ocrx_word' id='word_1_178' title='bbox 212 2118 276 2169; x_wconf 93' lang='lat' dir='ltr'>ordo</span> <span class='ocrx_word' id='word_1_179' title='bbox 292 2118 427 2184; x_wconf 79' lang='lat' dir='ltr'>sexagenos</span> <span class='ocrx_word' id='word_1_180' title='bbox 443 2112 543 2184; x_wconf 84' lang='lat' dir='ltr'>milites,</span> <span class='ocrx_word' id='word_1_181' title='bbox 560 2118 623 2168; x_wconf 90' lang='lat' dir='ltr'>duos</span> <span class='ocrx_word' id='word_1_182' title='bbox 634 2118 796 2183; x_wconf 83' lang='lat' dir='ltr'>centuriones,</span> <span class='ocrx_word' id='word_1_183' title='bbox 814 2120 897 2170; x_wconf 81' lang='lat' dir='ltr'>v&#39;exil·</span> 
     </span>
     <span class='ocr_line' id='line_1_26' title="bbox 143 2194 898 2265; baseline -0.004 -17"><span class='ocrx_word' id='word_1_184' title='bbox 143 2198 232 2249; x_wconf 89' lang='lat' dir='ltr'>larium</span> <span class='ocrx_word' id='word_1_185' title='bbox 244 2212 322 2265; x_wconf 78' lang='lat' dir='ltr'>upum</span> <span class='ocrx_word' id='word_1_186' title='bbox 337 2196 453 2247; x_wconf 87' lang='lat' dir='ltr'>habebat.</span> <span class='ocrx_word' id='word_1_187' title='bbox 479 2198 560 2265; x_wconf 89' lang='lat' dir='ltr'>prima</span> <span class='ocrx_word' id='word_1_188' title='bbox 570 2197 635 2246; x_wconf 79' lang='lat' dir='ltr'>acies</span> <span class='ocrx_word' id='word_1_189' title='bbox 650 2194 737 2246; x_wconf 86' lang='lat' dir='ltr'>hastati</span> <span class='ocrx_word' id='word_1_190' title='bbox 748 2206 826 2259; x_wconf 87' lang='lat' dir='ltr'>erant,</span> <span class='ocrx_word' id='word_1_191' title='bbox 842 2210 898 2245; x_wconf 79' lang='lat' dir='ltr'>ma-</span> 
     </span>
     <span class='ocr_line' id='line_1_27' title="bbox 144 2272 949 2343; baseline -0.002 -16"><span class='ocrx_word' id='word_1_192' title='bbox 144 2275 224 2343; x_wconf 90' lang='lat' dir='ltr'>nipuli</span> <span class='ocrx_word' id='word_1_193' title='bbox 233 2274 382 2341; x_wconf 88' lang='lat' dir='ltr'>quindecim,</span> <span class='ocrx_word' id='word_1_194' title='bbox 399 2273 513 2327; x_wconf 84' lang='lat' dir='ltr'>distantes</span> <span class='ocrx_word' id='word_1_195' title='bbox 525 2276 590 2326; x_wconf 87' lang='lat' dir='ltr'>inter</span> <span class='ocrx_word' id='word_1_196' title='bbox 601 2274 626 2326; x_wconf 92' lang='lat' dir='ltr'>se</span> <span class='ocrx_word' id='word_1_197' title='bbox 636 2274 765 2326; x_wconf 87' lang='lat' dir='ltr'>modicum</span> <span class='ocrx_word' id='word_1_198' title='bbox 773 2272 899 2342; x_wconf 79' lang='lat' dir='ltr'>spatium:</span> <span class='ocrx_word' id='word_1_199' title='bbox 944 2298 949 2303; x_wconf 88' lang='lat'>·</span> 
     </span>
     <span class='ocr_line' id='line_1_28' title="bbox 144 2352 898 2423; baseline -0.003 -18"><span class='ocrx_word' id='word_1_200' title='bbox 144 2355 284 2421; x_wconf 84' lang='lat' dir='ltr'>manipulus</span> <span class='ocrx_word' id='word_1_201' title='bbox 299 2355 366 2405; x_wconf 87' lang='lat' dir='ltr'>leves</span> <span class='ocrx_word' id='word_1_202' title='bbox 378 2356 480 2406; x_wconf 84' lang='lat' dir='ltr'>vicenos</span> <span class='ocrx_word' id='word_1_203' title='bbox 497 2356 597 2423; x_wconf 81' lang='lat' dir='ltr'>milites,</span> <span class='ocrx_word' id='word_1_204' title='bbox 613 2355 687 2407; x_wconf 86' lang='lat' dir='ltr'>aliam</span> <span class='ocrx_word' id='word_1_205' title='bbox 704 2354 804 2405; x_wconf 88' lang='lat' dir='ltr'>turbam</span> <span class='ocrx_word' id='word_1_206' title='bbox 815 2352 898 2404; x_wconf 86' lang='lat' dir='ltr'>scuta·</span> 
     </span>
     <span class='ocr_line' id='line_1_29' title="bbox 144 2416 949 2501; baseline 0.002 -20"><span class='ocrx_word' id='word_1_207' title='bbox 144 2442 228 2483; x_wconf 89' lang='lat' dir='ltr'>torum</span> <span class='ocrx_word' id='word_1_208' title='bbox 245 2429 360 2484; x_wconf 79' lang='lat' dir='ltr'>habebat.</span> <span class='ocrx_word' id='word_1_209' title='bbox 379 2434 446 2485; x_wconf 86' lang='lat' dir='ltr'>leves</span> <span class='ocrx_word' id='word_1_210' title='bbox 463 2445 558 2501; x_wconf 89' lang='lat' dir='ltr'>autem,</span> <span class='ocrx_word' id='word_1_211' title='bbox 575 2436 618 2501; x_wconf 90' lang='lat' dir='ltr'>qui</span> <span class='ocrx_word' id='word_1_212' title='bbox 632 2416 724 2485; x_wconf 73' lang='lat' dir='ltr'>ballam</span> <span class='ocrx_word' id='word_1_213' title='bbox 736 2437 834 2483; x_wconf 78' lang='lat' dir='ltr'>tantum</span> <span class='ocrx_word' id='word_1_214' title='bbox 845 2447 895 2498; x_wconf 73' lang='lat' dir='ltr'>ga·</span> <span class='ocrx_word' id='word_1_215' title='bbox 947 2453 949 2456; x_wconf 95' lang='lat'>·</span> 
     </span>
     <span class='ocr_line' id='line_1_30' title="bbox 144 2508 897 2579; baseline -0.001 -18"><span class='ocrx_word' id='word_1_216' title='bbox 144 2508 219 2578; x_wconf 88' lang='lat' dir='ltr'>saque</span> <span class='ocrx_word' id='word_1_217' title='bbox 231 2525 350 2577; x_wconf 81' lang='lat' dir='ltr'>gererent,</span> <span class='ocrx_word' id='word_1_218' title='bbox 368 2514 533 2563; x_wconf 83' lang='lat' dir='ltr'>vocabantur.</span> <span class='ocrx_word' id='word_1_219' title='bbox 567 2517 628 2561; x_wconf 83' lang='lat' dir='ltr'>Haec</span> <span class='ocrx_word' id='word_1_220' title='bbox 638 2517 720 2579; x_wconf 83' lang='lat' dir='ltr'>prima</span> <span class='ocrx_word' id='word_1_221' title='bbox 730 2512 799 2560; x_wconf 84' lang='lat' dir='ltr'>srons</span> <span class='ocrx_word' id='word_1_222' title='bbox 807 2510 833 2557; x_wconf 90' lang='lat' dir='ltr'>in</span> <span class='ocrx_word' id='word_1_223' title='bbox 841 2510 897 2560; x_wconf 88' lang='lat' dir='ltr'>acie</span> 
     </span>
    </p>
   </div>
   <div class='ocr_carea' id='block_1_6' title="bbox 65 2584 897 2659">
    <p class='ocr_par' dir='ltr' id='par_1_6' title="bbox 65 2584 897 2659">
     <span class='ocr_line' id='line_1_31' title="bbox 65 2584 897 2659; baseline -0.006 -18"><span class='ocrx_word' id='word_1_224' title='bbox 65 2627 68 2632; x_wconf 24' lang='grc' dir='ltr'><em>Α</em></span> <span class='ocrx_word' id='word_1_225' title='bbox 128 2590 232 2659; x_wconf 51' lang='lat' dir='ltr'>¹ilorem</span> <span class='ocrx_word' id='word_1_226' title='bbox 250 2591 372 2652; x_wconf 86' lang='lat' dir='ltr'>juvenum</span> <span class='ocrx_word' id='word_1_227' title='bbox 392 2588 578 2654; x_wconf 86' lang='lat' dir='ltr'>pubescentium</span> <span class='ocrx_word' id='word_1_228' title='bbox 593 2586 626 2635; x_wconf 90' lang='lat' dir='ltr'>ad</span> <span class='ocrx_word' id='word_1_229' title='bbox 643 2587 759 2635; x_wconf 88' lang='lat' dir='ltr'>militiam</span> <span class='ocrx_word' id='word_1_230' title='bbox 776 2584 897 2636; x_wconf 80' lang='lat' dir='ltr'>habebat.</span> 
     </span>
    </p>
   </div>
   <div class='ocr_carea' id='block_1_7' title="bbox 102 2663 899 3131">
    <p class='ocr_par' dir='ltr' id='par_1_7' title="bbox 102 2663 899 3131">
     <span class='ocr_line' id='line_1_32' title="bbox 144 2663 897 2731; baseline -0.008 -12"><span class='ocrx_word' id='word_1_231' title='bbox 144 2668 279 2720; x_wconf 80' lang='lat' dir='ltr'>Robustior</span> <span class='ocrx_word' id='word_1_232' title='bbox 288 2667 406 2716; x_wconf 84' lang='lat' dir='ltr'>indeaetas</span> <span class='ocrx_word' id='word_1_233' title='bbox 414 2664 519 2715; x_wconf 87' lang='lat' dir='ltr'>totidem</span> <span class='ocrx_word' id='word_1_234' title='bbox 526 2663 720 2731; x_wconf 88' lang='lat' dir='ltr'>manipulorum,</span> <span class='ocrx_word' id='word_1_235' title='bbox 730 2663 819 2731; x_wconf 90' lang='lat' dir='ltr'>quibus</span> <span class='ocrx_word' id='word_1_236' title='bbox 828 2664 897 2730; x_wconf 85' lang='lat' dir='ltr'>prin·</span> 
     </span>
     <span class='ocr_line' id='line_1_33' title="bbox 145 2741 898 2813; baseline -0.005 -17"><span class='ocrx_word' id='word_1_237' title='bbox 145 2746 242 2813; x_wconf 82' lang='lat' dir='ltr'>cipibus</span> <span class='ocrx_word' id='word_1_238' title='bbox 252 2743 284 2793; x_wconf 89' lang='lat' dir='ltr'>ell</span> <span class='ocrx_word' id='word_1_239' title='bbox 293 2758 393 2807; x_wconf 89' lang='lat' dir='ltr'>nomen,</span> <span class='ocrx_word' id='word_1_240' title='bbox 406 2744 450 2792; x_wconf 88' lang='lat' dir='ltr'>hos</span> <span class='ocrx_word' id='word_1_241' title='bbox 463 2741 634 2807; x_wconf 79' lang='lat' dir='ltr'>sequebantur,</span> <span class='ocrx_word' id='word_1_242' title='bbox 652 2742 740 2794; x_wconf 83' lang='lat' dir='ltr'>scutati</span> <span class='ocrx_word' id='word_1_243' title='bbox 751 2756 845 2806; x_wconf 82' lang='lat' dir='ltr'>omnes,</span> <span class='ocrx_word' id='word_1_244' title='bbox 858 2743 898 2792; x_wconf 88' lang='lat' dir='ltr'>iu·</span> 
     </span>
     <span class='ocr_line' id='line_1_34' title="bbox 102 2814 897 2887; baseline -0.003 -16"><span class='ocrx_word' id='word_1_245' title='bbox 102 2814 105 2819; x_wconf 41' lang='lat'>⁸</span> <span class='ocrx_word' id='word_1_246' title='bbox 146 2820 253 2885; x_wconf 78' lang='lat' dir='ltr'>signibus</span> <span class='ocrx_word' id='word_1_247' title='bbox 270 2821 472 2871; x_wconf 79' lang='lat' dir='ltr'>marimcarmie.</span> <span class='ocrx_word' id='word_1_248' title='bbox 498 2821 549 2870; x_wconf 90' lang='lat' dir='ltr'>hoc</span> <span class='ocrx_word' id='word_1_249' title='bbox 560 2820 660 2885; x_wconf 79' lang='lat' dir='ltr'>triginta</span> <span class='ocrx_word' id='word_1_250' title='bbox 672 2821 856 2887; x_wconf 84' lang='lat' dir='ltr'>manipulorum</span> <span class='ocrx_word' id='word_1_251' title='bbox 869 2833 897 2869; x_wconf 88' lang='lat' dir='ltr'>a·</span> 
     </span>
     <span class='ocr_line' id='line_1_35' title="bbox 102 2888 899 2969; baseline 0 -21"><span class='ocrx_word' id='word_1_252' title='bbox 102 2888 105 2895; x_wconf 47' lang='lat'><strong><em>⁴</em></strong></span> <span class='ocrx_word' id='word_1_253' title='bbox 147 2912 222 2963; x_wconf 80' lang='lat' dir='ltr'>gmen</span> <span class='ocrx_word' id='word_1_254' title='bbox 232 2900 386 2969; x_wconf 86' lang='lat' dir='ltr'>antepilanos</span> <span class='ocrx_word' id='word_1_255' title='bbox 400 2898 565 2967; x_wconf 85' lang='lat' dir='ltr'>appellabant,</span> <span class='ocrx_word' id='word_1_256' title='bbox 582 2899 641 2966; x_wconf 89' lang='lat' dir='ltr'>quia</span> <span class='ocrx_word' id='word_1_257' title='bbox 652 2899 697 2966; x_wconf 88' lang='lat' dir='ltr'>sub</span> <span class='ocrx_word' id='word_1_258' title='bbox 709 2898 780 2963; x_wconf 73' lang='lat' dir='ltr'>signin</span> <span class='ocrx_word' id='word_1_259' title='bbox 789 2899 842 2962; x_wconf 84' lang='lat' dir='ltr'>jam</span> <span class='ocrx_word' id='word_1_260' title='bbox 853 2896 899 2948; x_wconf 74' lang='lat' dir='ltr'>alii</span> 
     </span>
     <span class='ocr_line' id='line_1_36' title="bbox 146 2971 899 3043; baseline -0.004 -18"><span class='ocrx_word' id='word_1_261' title='bbox 146 2977 287 3043; x_wconf 87' lang='lat' dir='ltr'>quindecim</span> <span class='ocrx_word' id='word_1_262' title='bbox 299 2976 397 3029; x_wconf 82' lang='lat' dir='ltr'>ordines</span> <span class='ocrx_word' id='word_1_263' title='bbox 414 2977 576 3027; x_wconf 81' lang='lat' dir='ltr'>locabantur:</span> <span class='ocrx_word' id='word_1_264' title='bbox 591 2991 625 3027; x_wconf 82' lang='lat' dir='ltr'>ex</span> <span class='ocrx_word' id='word_1_265' title='bbox 641 2976 731 3043; x_wconf 84' lang='lat' dir='ltr'>quibus</span> <span class='ocrx_word' id='word_1_266' title='bbox 741 2974 805 3024; x_wconf 91' lang='lat' dir='ltr'>ordo</span> <span class='ocrx_word' id='word_1_267' title='bbox 820 2971 899 3040; x_wconf 73' lang='lat' dir='ltr'>unus·</span> 
     </span>
     <span class='ocr_line' id='line_1_37' title="bbox 146 3050 898 3131; baseline -0.003 -25"><span class='ocrx_word' id='word_1_268' title='bbox 146 3054 251 3131; x_wconf 89' lang='lat' dir='ltr'>quisque</span> <span class='ocrx_word' id='word_1_269' title='bbox 260 3068 309 3109; x_wconf 80' lang='lat' dir='ltr'>tres</span> <span class='ocrx_word' id='word_1_270' title='bbox 320 3067 400 3127; x_wconf 76' lang='lat' dir='ltr'>parter</span> <span class='ocrx_word' id='word_1_271' title='bbox 411 3054 528 3109; x_wconf 83' lang='lat' dir='ltr'>habebat.</span> <span class='ocrx_word' id='word_1_272' title='bbox 540 3069 626 3108; x_wconf 71' lang='lat' dir='ltr'>cortun</span> <span class='ocrx_word' id='word_1_273' title='bbox 636 3063 836 3122; x_wconf 71' lang='lat' dir='ltr'>ttu‘emquamqtte</span> <span class='ocrx_word' id='word_1_274' title='bbox 846 3050 898 3118; x_wconf 83' lang='lat' dir='ltr'>pti·</span> 
     </span>
    </p>
   </div>
   <div class='ocr_carea' id='block_1_8' title="bbox 0 0 1069 3642">
    <p class='ocr_par' dir='ltr' id='par_1_8' title="bbox 0 0 1069 3642">
     <span class='ocr_line' id='line_1_38' title="bbox 0 0 1069 3642; baseline 0 0"><span class='ocrx_word' id='word_1_275' title='bbox 0 0 1069 3642; x_wconf 95' lang='lat' dir='ltr'> </span> 
     </span>
    </p>
   </div>
  </div>
 </body>
</html>
