2117 3642
213 282 260 334 Sed
271 281 383 352 auspiciis
392 283 478 346 magis,
490 285 564 346 quarn
575 281 639 330 novi
651 278 759 346 exempli
770 279 913 346 rogatione,
922 279 977 332 dg.

213 363 327 412 territum
338 371 366 410 ut
382 361 466 426 potitis
482 357 590 420 credam,
607 373 685 422 quum
702 356 774 424 ipfiur
786 358 835 407 viri
852 358 917 408 facit
929 361 977 410 in-

213 437 322 503 genium,
339 446 394 486 tum
404 433 473 502 quod
484 436 506 484 ei
518 431 630 483 suffoditur
640 434 674 482 est
685 434 814 501 extemplo
829 437 856 484 P.
869 433 976 485 Manli.

212 529 241 566 tts
252 511 370 562 didator:
389 527 463 579 quem
480 510 540 577 quid
557 510 634 560 creari
653 510 776 560 attinebat
792 510 824 560 ad
840 511 867 561 id
885 524 975 562 certa·

210 605 278 655 men,
296 605 348 658 quo
360 592 399 640 M.
412 590 499 639 Furius
511 588 590 638 vitius
600 585 674 639 ess'et?
692 587 794 653 &quod
807 587 915 638 eundem
926 593 972 640 Μ.

212 671 317 722 Furium
328 668 473 720 didatorem
489 667 618 734 insequens
628 681 706 717 annus
720 667 816 730 habuit,
833 667 902 718 haud
915 667 974 718 sure

213 747 308 815 pudore
317 753 381 798 certi:
392 745 496 798 stadium
504 746 587 814 priore
597 760 663 794 anno
677 745 704 793 in
714 744 739 794 sc
750 745 882 811 imperium
892 761 973 813 repe-

212 827 335 878 titurum:
352 825 422 876 fimul
439 824 507 891 quod
525 839 558 875 eo
574 834 693 889 tempore,
708 839 760 888 quo
777 823 972 890 promulgatum

212 905 244 956 de
256 904 346 956 multia
357 905 409 968 ejus
423 901 536 966 traditur,
552 912 597 952 aut
610 902 634 950 dt
649 901 706 951 huic
720 902 856 966 rogationi,
874 903 927 967 quai
943 902 971 952 se

211 984 240 1036 in
250 983 364 1034 ordinem
372 981 429 1047 cogi
441 981 552 1046 videbat,
568 978 681 1031 obsrstere
691 981 789 1046 potuit;
805 991 849 1030 aut
866 995 899 1029 ne
909 981 970 1031 illas

212 1065 323 1131 quidem,
341 1071 442 1131 propter
456 1077 515 1128 quas
527 1061 552 1110 a
570 1061 623 1110 haec
633 1059 683 1108 lata
700 1070 759 1121 erat,
777 1058 909 1125 impedire:
930 1061 969 1124 ἃ,

212 1138 296 1205 quoad
307 1137 426 1205 usquead
442 1137 590 1188 memoriam
605 1134 712 1184 nostram
724 1133 861 1185 tribuniciis
872 1133 969 1183 consu-

211 1217 353 1284 laribusque
362 1226 482 1268 certatum
490 1216 587 1266 viribus
595 1213 636 1279 est,
653 1211 777 1264 dittatnae
786 1213 881 1281 semper
888 1213 969 1265 altius

211 1294 339 1360 fastigium
349 1293 407 1350 suit,

211 1413 215 1420 .
247 1377 373 1425 XXXIX.
392 1377 460 1425 Inter
474 1375 583 1440 priorem
601 1369 747 1423 didaturam
759 1369 899 1421 abdicatam
916 1385 967 1421 no-

211 1467 320 1520 vamque
333 1439 351 1502 *a
366 1453 462 1502 Manlio
474 1452 569 1514 initam,
587 1449 619 1498 ab
634 1448 740 1498 tribunis
751 1450 820 1499 velut
830 1464 875 1516 per
885 1449 967 1499 inter-

210 1527 316 1594 regnum
333 1530 440 1580 concilio
451 1529 529 1596 plebis
540 1527 636 1590 habito,
653 1527 775 1594 apparuit,
792 1542 847 1593 qua
857 1541 892 1574 ex
903 1541 967 1593 pro·

210 1608 324 1672 mulgatis
339 1607 414 1675 plebi,
431 1623 484 1674 quae
498 1607 619 1656 latoribus
629 1608 740 1671 gratiora
751 1604 834 1657 effent.
855 1621 918 1655 nam
933 1607 967 1657 de

210 1686 306 1738 tenore
324 1697 398 1754 atquc
417 1703 478 1753 agro
498 1687 640 1752 rogationes
657 1687 787 1751 jubebant,
811 1686 842 1736 de
861 1685 966 1753 plebeio
1032 1710 1034 1731 r

209 1763 340 1816 consulatu
357 1766 528 1833 antiquabant.
550 1767 575 1816 a
593 1763 699 1833 periciia
716 1775 819 1830 utraque
837 1778 874 1812 res
894 1763 966 1830 effer,

209 1845 238 1898 ni
250 1845 342 1895 tribuni
359 1844 383 1894 se
397 1847 423 1895 in
443 1846 527 1896 omnia
535 1843 603 1894 simul
623 1841 749 1893 consulere
766 1842 862 1910 plebem
882 1841 965 1893 dixis·

207 1924 272 1976 dcnt.
307 1925 335 1974 P.
348 1925 456 1975 Manlius
472 1922 561 1973 deinde
572 1918 676 1975 distator
692 1937 746 1970 rem
763 1922 788 1970 in
800 1917 898 1970 causam
910 1923 966 1988 plc-

207 2001 249 2054 bis
266 2001 405 2068 inclinavit,
424 2005 453 2052 C.
472 2000 581 2065 Licinio,
599 2000 642 2067 qui
658 1998 771 2048 tribunus
787 1997 896 2046 miiitum
906 1998 966 2049 sue·

210 2091 258 2146 tat,
275 2081 391 2146 magistro
403 2081 514 2148 equitum
528 2078 560 2132 de
576 2079 647 2146 plebe
658 2076 732 2127 ditio.
767 2075 869 2142 Idaegrc
877 2080 966 2131 Patren

209 2159 290 2228 graffos
300 2161 397 2227 accipio
407 2179 414 2222 ς
430 2157 576 2210 didiatorcm
587 2158 727 2226 propinqui
736 2157 883 2222 cognatione
891 2157 966 2208 Lici-

208 2239 246 2288 nii
264 2237 287 2288 se
303 2239 369 2304 apud
378 2241 460 2287 Patren
476 2236 593 2290 excusare
607 2235 715 2299 solitum,
731 2235 801 2287 fimul
817 2246 964 2304 negantem,
1032 2246 1034 2251 ’

208 2314 318 2378 magistri
332 2317 444 2380 equitum
457 2316 545 2380 majus,
563 2320 636 2380 quam
647 2315 739 2364 tribuni
753 2315 894 2379 contrarie,
912 2317 964 2370 irn-
1032 2304 1033 2353 ἶ

205 2390 375 2458 ¹periumeiie.
410 2392 521 2442 Licinius
539 2391 692 2456 Sextiusque,
709 2393 964 2458 quum‘tribunorutn

207 2469 279 2538 ¹plebi
288 2469 448 2521 creandorum
463 2469 554 2520 indicia
569 2470 671 2520 comitia
682 2471 767 2534 essent,
782 2473 817 2521 ita
829 2470 852 2521 se
866 2486 966 2539 gerere,

208 2560 248 2615 nt,
265 2548 396 2616 negando'
387 2564 439 2615 Jam
450 2547 493 2600 fibi
506 2549 570 2598 velie
587 2547 727 2599 continuari
744 2551 875 2612 honorem,
891 2566 966 2604 acer·

206 2631 272 2680 time
289 2627 450 2680 accenderent
466 2627 497 2679 ad
515 2629 548 2693 id,
566 2605 633 2694 quod
649 2610 819 2678 diffimulando
834 2627 965 2694 petebant,

206 2706 319 2774 ..plebem
354 2711 446 2758 Nonam
451 2693 478 2774 se
488 2724 565 2758 animm
576 2707 628 2770 jam
638 2707 732 2760 velutin
741 2708 810 2756 aciem
820 2706 928 2771 adverstrs
940 2726 966 2759 o·

206 2784 312 2852 primates
322 2785 416 2834 omnimo
429 2785 541 2851 privatim
548 2783 653 2851 periculo,
668 2785 724 2835 nulio
731 2785 815 2852 publico
830 2784 963 2835 emoitonrrr·

204 2867 231 2912 to
236 2859 305 2924 stare.
328 2859 451 2928 ctnftnmffi
456 2863 506 2926 jam
512 2863 586 2926 secum
598 2860 755 2928 &rogationes
763 2860 922 2927 promulgatas,
935 2863 966 2914 ύ·

204 2941 260 2994 arim
273 2955 356 2991 omrem
371 2939 485 2990 tribunicio
492 2939 613 3006 potcstatis.
649 2943 727 2994 Primi
742 2943 821 2991 interce
837 2956 883 2988 rone
895 2941 964 2992 colle·

203 3035 287 3104 garon
297 3020 320 3076 io
330 3018 442 3092 iegesseas
453 3025 574 3092 pugnatum
584 3017 640 3089 effe:
654 3019 729 3074 deinde
738 3018 870 3090 ablegatione
873 3017 964 3138 jam
