2117 3642
172 219 221 271 260
441 215 670 265 T.L1v11

171 308 202 353 c.
218 302 394 369 Sempronium,
412 303 548 365 patruelem
563 301 687 350 Atratini:
704 300 776 367 eique
791 299 826 351 ob
841 300 917 366 igno·

171 379 272 431 minium
284 376 365 427 Volsci
378 378 443 438 belli,
461 378 575 440 adjutore
583 378 676 441 collegi
688 380 727 426 M.
741 377 868 441 Canuleio,
878 378 917 426 di-

171 470 211 505 ern
222 454 315 503 dixere.
351 451 457 503 Subinde
468 454 499 502 ab
510 453 601 507 eisdem
617 454 722 503 tribunis
732 455 827 503 mentio
842 452 917 519 inle-

171 540 231 581 natu
242 528 272 577 de
284 529 348 592 aqrir
359 527 498 579 dividendis
511 529 580 578 illata
590 528 631 589 eit,
648 529 700 589 (cui
710 528 806 583 ,astioni
822 528 920 593 semper

170 606 288 659 acerrime
301 609 329 656 C.
342 606 498 672 sempronnn
509 604 637 669 restiterat)
653 606 720 667 ratis,
736 604 762 655 id
778 604 845 669 quod
854 614 917 666 etat,

171 694 215 737 aut
225 680 332 749 depositi
341 683 412 731 cauri
421 681 542 731 leviorem
551 681 662 732 futurum
669 681 734 747 apud
749 684 830 731 Patres
836 697 916 743 ternu,

171 770 216 808 aut
227 758 423 824 perseverantem
434 757 575 820 sunjudicii
594 768 690 823 tempus
701 756 798 823 plebem
811 756 918 807 offensu-

116 848 119 859 *
171 848 236 886 mm.
272 832 388 885 Adversa
408 833 509 884 invidia
525 834 603 896 objici
619 834 716 896 maluit,
732 834 758 883 ἀ
768 833 817 884 suae
829 848 925 885 nocere.

172 908 257 973 causa,
276 914 348 973 quim
368 908 472 975 publicae
489 907 581 969 deeffe;
597 909 708 974 stetitque
719 910 745 957 in
761 909 847 959 eadem
862 908 917 959 sen·

172 988 257 1050 tentia,
275 990 317 1035 Ne
327 1002 366 1053 qua
385 986 479 1052 largitio,
496 984 575 1050 ceffura
590 986 614 1056 ip
627 986 695 1035 trium
709 987 805 1051 gratim
823 984 918 1035 nilne

172 1079 231 1125 erem,
243 1062 317 1125 fieret.
341 1078 377 1110 nec
392 1070 445 1123 tum¹
451 1078 528 1129 agrum
536 1060 604 1128 plebi,
616 1060 658 1127 sed
664 1060 705 1125 fili
715 1062 829 1124 invidiam,
845 1063 917 1128 queri.

173 1142 202 1194 Se
211 1155 288 1206 quoque
292 1138 414 1204 subiturum
425 1156 472 1189 eam
484 1139 633 1205 tempestatem
643 1140 703 1204 forti
716 1140 795 1189 aimo.
810 1142 919 1206 uersuta·

172 1217 204 1272 lui
215 1216 270 1265 tanti
280 1218 307 1281 se
323 1217 403 1279 civem,
418 1224 457 1265 att!
474 1232 598 1282 quemquam
614 1216 683 1288 alium
700 1215 774 1265 debere
792 1217 838 1284 effe,
850 1228 880 1270 nt
895 1218 920 1266 itt

169 1292 279 1359 parcendo
287 1295 321 1341 uni
332 1294 412 1343 malum
419 1293 527 1359 publicum
532 1295 585 1357 fiet.
620 1294 707 1344 Nihilo
719 1294 855 1344 demitiiore
864 1295 923 1345 ani-

173 1385 225 1437 mo,
242 1386 318 1435 quum
330 1370 379 1420 dies
393 1372 470 1433 venit,
488 1372 560 1419 causi
572 1370 622 1436 iple
633 1386 680 1436 pro
691 1370 715 1419 se
731 1370 802 1436 disti,
819 1374 920 1439 nequic-

175 1462 251 1515 quam
263 1450 348 1497 omnia
358 1450 466 1513 expertis
477 1448 597 1511 Patribus,
614 1458 642 1495 ut
658 1448 801 1511 mitigarent
814 1450 920 1516 plebem,

173 1522 315 1591 quindecim
325 1524 432 1573 millibus
443 1525 495 1573 aeris
509 1524 648 1571 damnatur.
681 1524 778 1573 Eodem
792 1534 859 1575 anno
873 1528 922 1576 Po·

175 1600 271 1664 lunia,
289 1600 362 1663 virgo
372 1600 481 1663 Vestalis,
498 1600 527 1649 de
539 1600 631 1649 incestu
640 1600 740 1651 causum
747 1601 820 1666 dixit,
837 1603 922 1653 crimi-

174 1692 207 1729 ne
218 1677 320 1727 innoxia
327 1696 335 1739 ς
351 1677 385 1726 ob
396 1674 560 1743 suspicionem
577 1688 680 1744 propter
698 1678 792 1729 cultum
802 1680 920 1731 amenio·

175 1769 229 1805 tem
239 1753 412 1819 ingeniumque
430 1754 540 1817 liberius,
554 1760 629 1819 quam
645 1755 769 1819 virginem
779 1755 858 1821 decet,
876 1772 921 1824 po·

175 1846 232 1883 rum
251 1830 384 1881 abhorrens
404 1830 505 1881 famam.
539 1831 701 1898 Ampliantn,
717 1832 806 1883 deinde
824 1832 923 1883 absolu·

175 1918 236 1971 tam,
252 1923 299 1976 pto
319 1909 416 1973 collegii
427 1907 547 1959 sententia
561 1908 675 1975 pontifex
684 1911 808 1961 maximus
816 1910 922 1961 abstine·

174 2002 202 2045 re
212 1986 284 2051 jocis,
301 1988 398 2053 colique
412 1984 490 2037 santii
506 1986 599 2052 potius,
615 1990 689 2050 quim
700 1984 764 2050 scite,
777 1986 854 2050 juffit.
870 1987 923 2038 Eo·

176 2064 235 2121 dem
246 2068 334 2114 annon
347 2066 479 2131 Campanis
489 2067 580 2127 (kima,
596 2078 669 2129 quam
680 2064 761 2113 Graeci
773 2074 826 2114 tum
837 2064 923 2114 urbem

178 2142 303 2204 tenebant,
321 2142 459 2205 capiuntur.
485 2139 627 2206 .1nsequent
640 2156 717 2190 annuc
731 2141 842 2192 tribunos
858 2142 924 2191 mili·

177 2229 234 2275 tum
255 2214 375 2267 consulari
390 2216 508 2283 potestate
519 2216 614 2279 habuit,
631 2217 768 2283 Agrippam
779 2219 923 2268 Menenium

177 2296 310 2355 Lanatum,
328 2294 356 2341 P.
376 2293 519 2343 Lucretium
540 2292 726 2359 Tricipitinum,
743 2300 784 2361 Sp.
802 2292 922 2345 Nautium

179 2370 301 2425 Rutilum.

183 2492 186 2503 ,
212 2445 294 2491 XLV.
306 2444 399 2507 Annus,
408 2441 524 2491 felicitate
535 2443 622 2508 populi
633 2445 749 2507 Romani,
762 2446 870 2513 periculo
878 2460 923 2511 po·

179 2520 229 2569 titis
241 2519 343 2583 ingenti,
360 2523 433 2583 quim
445 2516 520 2581 clade,
537 2516 645 2581 insignis.
670 2520 783 2583 Servitia,
800 2522 885 2570 urbem
894 2533 924 2571 ut

180 2592 337 2657 incenderent
354 2592 494 2643 distantibus
505 2592 574 2654 locis,
591 2592 765 2655 conjurirun13
783 2596 924 2661 populoque
986 2644 991 2649 ,

180 2671 212 2725 ad
228 2685 302 2736 opem
313 2668 394 2735 paffnn
407 2666 531 2719 ferendam
543 2667 610 2717 tellis
623 2671 728 2733 intento,
745 2675 865 2720 ut¹arcem
878 2675 926 2721 Ca-

181 2748 345 2819 pitoliumque
356 2746 443 2797 armati
456 2756 613 2811 occuparent.
647 2747 748 2795 Avertit
755 2747 859 2797 nefanda
868 2763 927 2797 con·

180 2824 232 2876 filia
249 2823 362 2887 Jupiter:
379 2823 521 2886 indicioque
538 2821 643 2871 duorum
659 2822 825 2888 comprehensi
844 2822 926 2874 sontes

182 2914 264 2970 poenas
276 2896 402 2945 dederunt.
417 2896 541 2946 indicibus
553 2898 614 2950 dena
622 2899 698 2948 millia
705 2897 786 2961 gravis
797 2897 858 2959 aetis,
870 2914 925 2962 quae

182 2972 505 3041 tundlvttiaetnbebantur,
525 2989 559 3027 ex
570 2964 799 3038 orationumerata,
815 2972 924 3023 &libet-

886 3057 925 3102 tut
