2117 3642
322 168 325 173 '
395 157 567 213 LIBER
599 158 635 211 V·
736 166 739 171 '
836 164 889 215 »21

135 249 235 317 iuvenis
246 248 373 303 Mmaiius
382 247 470 321 ‚seriem
481 245 616 313 infirmum,
627 246 653 297 iii
663 241 796 315 conspeslu
806 239 888 307 omni·

138 327 182 380 iiiii
193 329 481 399 raptum-nequicquam
499 325 705 378 tumultuantibus
722 322 839 385 Etruscis,
855 312 889 372 ad

137 402 194 456 suos
206 406 335 457 transtulit.
358 406 401 475 qui
419 402 495 471 quum
513 404 643 471 perdudlus
655 402 686 453 ad
703 404 889 469 imperatorem,
913 443 917 452 ,

95 494 107 507 “
140 483 197 534 inde
214 488 321 535 Romam
341 483 372 533 ad
391 482 501 534 senatum
518 475 602 533 milliis
619 478 684 544 esset,
701 476 890 540 sciscitantibuS,
922 488 928 496 ’

139 560 257 627 quidnam
268 560 294 609 id
310 558 375 622 esset,
393 557 460 625 quod
478 555 508 606 de
523 558 579 606 lacu
590 556 690 605 Albano
706 552 832 616 docuisset,
849 566 909 624 re·¹

140 636 253 705 spondit:
276 635 379 703 Prosesli
390 637 456 685 iratos
467 636 528 684 Deos
540 633 625 699 Vejeiiii
639 628 716 700 populo
730 629 765 679 iilo
770 630 837 695 fuiffe
847 629 890 692 ilie,

139 710 177 783 pur
182 714 225 779 fibi·
235 732 283 764 eam
295 724 387 765 mentem
394 710 522 779 'objeoffint
530 719 554 759 ut
565 711 668 759 excidium
674 708 751 775 patric
756 706 830 771 fatale
837 714 892 769 pre·

140 792 208 842 derit.
226 794 304 861 itaque,
322 800 420 859 piretum
433 790 533 839 cecinerit
544 788 619 839 divino
630 774 717 855 ¹spiritu
732 782 848 848 instinsiur,
865 793 892 828 ea

135 870 223 936 senec,
241 878 265 919 ut
284 870 363 919 inditia
376 866 431 933 lint,
448 880 552 915 revocare
564 862 635 931 poffi¹5
652 863 679 914 dr
691 861 777 912 tacendo
787 857 893 925 sorfitan,

140 960 183 1013 pue
194 946 237 994 Dii
246 945 377 994 immortales
388 942 476 1009 vulgari
488 942 566 1005 velint,
583 940 641 990 haud
649 941 728 1003 minus,
744 940 809 1006 quini
821 935 892 984 celan·

141 1020 169 1069 da
181 1020 269 1083 effarida
287 1020 349 1083 ncfm
360 1018 464 1068 contrahi.
497 1018 534 1065 Sic
544 1018 612 1085 igitur
622 1017 682 1066 tiliis
687 1014 802 1082 fatalibus,
813 1011 847 1077 fic
856 1006 893 1059 ili·

89 1095 98 1103 ’
137 1097 233 1165 seiplinii
245 1098 339 1166 Etruscis
355 1096 458 1146 traditum
470 1095 516 1163 effe,
530 1105 555 1145 ut
570 1096 650 1163 quaudo
664 1112 719 1163 aqua
730 1092 817 1144 Albana
827 1088 894 1139 abun-

143 1168 216 1241 dliffet,
232 1184 287 1240 tum,
299 1174 377 1241 fieam
388 1175 495 1223 Romanus
506 1175 550 1223 riti
566 1172 668 1242 cmififfet,
685 1173 801 1222 visiiriam
812 1170 838 1219 de
849 1170 894 1217 Ve-

135 1248 232 1321 jentiius
242 1254 301 1303 dari.
317 1254 518 1319 antequuint'dfiat,
530 1254 592 1302 Deis
603 1254 679 1302 menia
690 1252 811 1318 Vejeiitium
822 1250 894 1316 deser·-

143 1330 203 1383 iuros
213 1348 253 1381 non
264 1331 310 1398 effe.
345 1330 533 1397 Exsequcbatur
552 1329 617 1395 inde,
634 1346 688 1396 qua
707 1328 812 1379 solennis
828 1326 894 1377 deri*-

143 1412 214 1461 vatio
226 1408 293 1460 essct.
327 1408 371 1461 Sed
383 1407 508 1459 auilorem
519 1410 611 1472 levem,
628 1424 674 1459 nec
691 1407 748 1458 satis
763 1406 840 1457 fidum
852 1403 894 1456 su‘-

141 1502 185 1559 per
201 1498 269 1538 tanta
285 1502 311 1537 re
328 1489 409 1537 Patres
426 1488 481 1551 rati,
499 1486 642 1553 decrevere,
659 1487 753 1555 legatos
767 1484 894 1555 sortesque
938 1498 943 1512 r

142 1568 237 1621 oraculi
250 1566 348 1633 Pythici
360 1565 542 1634 exspeslandas.

176 1646 250 1695 XVI.
268 1638 409 1709 Priusquam
421 1647 436 1692 a
448 1644 549 1711 Delphis
560 1653 670 1693 oratores
681 1642 798 1707 redirent,
814 1640 893 1692 Alba·

140 1720 201 1772 nive
213 1720 320 1789 prodigii
332 1720 426 1787 piacula
439 1720 619 1782 invenirentur,
636 1722 699 1769 novi
714 1720 808 1768 tribuni
826 1719 895 1767 mitt-
924 1745 937 1785 ἂ

141 1802 196 1851 τὐπι
217 1795 341 1847 consulari
358 1796 484 1864 potestate,
502 1798 534 1845 L.
555 1796 635 1860 Julius
658 1795 737 1861 Jul'us,
754 1794 786 1843 L.
804 1796 895 1844 Furius

143 1872 432 1937 Medullinusquartum,
445 1874 476 1920 L.
490 1872 587 1934 Sergius
598 1872 710 1935 Fidenas,
730 1875 762 1920 A.
773 1870 895 1921 Postumi-

144 1965 174 1999 us
187 1949 337 2013 Regillensis,
355 1950 383 1996 P.
395 1948 522 1998 Cornelius
531 1947 713 2011 Maluginensis,
732 1951 764 1996 A.
776 1948 895 2011 Manlius,

146 2024 315 2087 magistratum
327 2023 444 2071 inserunt.
478 2024 517 2070 Eo
537 2036 604 2069 anno
623 2022 814 2088 Tarquinienses
831 2022 897 2073 novi

146 2100 228 2151 llosles
240 2100 331 2149 exorti.
350 2098 408 2165 quiri
425 2096 493 2147 simul
511 2098 595 2148 multis
605 2098 681 2164 bellis,
700 2099 848 2151 Volscorum
862 2101 896 2153 ad

147 2182 248 2240 Anxur,
264 2175 307 2225 ubi
322 2174 462 2243 praesidi'uiri
472 2176 637 2243 obsidebatur,
655 2183 793 2245 AEquorum
805 2179 836 2230 ad
848 2184 897 2229 La·-

146 2254 227 2315 vicos,
245 2252 287 2318 qui
307 2254 446 2302 Romanam
461 2252 497 2303 ibi
517 2255 641 2305 coloniam
659 2257 845 2325 oppugnabant,
862 2256 897 2309 ad

146 2328 196 2379 boc
206 2328 309 2391 Vejenti
317 2328 451 2394 quoque&
463 2328 559 2379 Falisco
570 2331 597 2380 a
608 2334 733 2400 Capenati
742 2333 808 2383 bello
818 2349 895 2385 occu·
938 2362 942 2369 ·

81 2430 85 2435 -
146 2404 346 2475 patueridebant
355 2406 488 2471 Romanos,
502 2408 618 2458 necintia
627 2411 841 2476 murosquietiora
850 2426 897 2461 ire-

146 2482 217 2547 gotia
227 2478 273 2529 elle
292 2481 469 2531 certaminibus
484 2486 590 2533 Parrum·
604 2501 633 2534 ac
649 2487 742 2553 plebis,
760 2490 824 2535 inter
842 2490 899 2537 haee

146 2560 231 2609 locum
240 2558 335 2621 injurie
346 2558 391 2607 rari
401 2556 456 2621 esse,
473 2560 607 2625 praedatum
619 2562 644 2610 in
659 2576 744 2629 agrum
754 2566 898 2615 Romanum

148 2636 262 2687 cohortes
274 2634 402 2701 expeditas
412 2636 524 2685 mittunt«.
542 2647 586 2685 aut
596 2638 662 2688 enim
673 2636 782 2703 passuros
791 2640 898 2691 inultam

147 2728 203 2763 eim
220 2713 336 2777 injuriam
355 2715 489 2777 Romanos,
506 2728 619 2763 nenovo
633 2714 699 2765 bello
711 2714 736 2764 se
746 2729 900 2768 onerarentr

148 2803 194 2842 aut
205 2792 308 2857 exiguo,
318 2786 407 2856 'eoque
423 2793 612 2859 parumvitido,
630 2796 749 2847 exercitu·
754 2796 896 2865 persecutu-

148 2882 199 2922 ros.
233 2869 353 2921 Romanis
370 2868 510 2934 indignitas
524 2872 606 2937 major
621 2880 695 2942 quain
706 2891 773 2940 cura,
790 2876 900 2945 popula,

150 2948 226 3005 stom
238 2947 454 3029 Tarquiniensium
466 2948 524 3001 suit.
542 2967 573 3006 eo
583 2968 629 3009 net
639 2949 731 3024 mag'no
742 2966 834 3007 conani
845 2950 902 3003 sus:

464 3028 529 3091 Ns
625 3092 629 3097 ,
815 3043 905 3102 cepta,
