2117 3642
386 241 438 290 Η
456 243 474 290 Β
492 243 553 293 ER
577 243 608 297 ⁴1.
840 256 876 304 ας

125 343 191 395 oper
199 329 230 378 ad
242 329 350 392 sabinos,
359 343 414 393 rege
423 329 479 378 inde
487 329 594 395 sumpto,
604 329 771 392 videbantur;
785 341 875 397 tamen,

125 420 211 471 neque
223 407 246 456 se
264 406 399 471 quisquam,
415 423 460 456 nec
473 405 588 456 sallionis
601 407 649 456 suae
667 408 751 471 alium,
773 424 820 457 nec
831 408 875 458 'de-

132 486 206 548 nique
216 487 314 532 Patmm
329 495 372 534 aut
383 485 477 533 civ-ium
491 499 638 548 quemquam
647 485 759 549 preferre
772 485 809 534 illi
819 486 877 536 viro

127 560 189 622 ausi,
212 560 242 608 ad
258 573 335 610 unum
348 576 439 616 ornnes
451 563 540 609 Numae
554 561 676 625 Pompilio
688 576 791 624 reguum
808 561 875 610 dese-

130 637 233 688 rendum
250 637 390 688 decernunt.
426 638 535 699 Accitur,
550 636 610 686 sicut
622 637 740 690 Romulus
755 643 877 703 augurato

130 707 329 764 urbe-condendi
342 729 445 777 reguum
456 711 558 778 adeptus
571 713 611 775 esi,
623 712 655 759 de
664 710 690 772 se
702 729 799 778 quoque
808 719 876 767 Deos

126 787 224 836 consuli
234 787 308 850 jussrt.
327 789 383 838 inde
399 789 432 836 ab
446 803 538 853 augure
555 787 605 850 (cui
616 787 711 850 deinde,
728 790 827 840 honoris
837 787 876 841 er*-

131 878 172 926 go,
184 865 309 929 publicum
323 864 349 914 id
358 875 551 932 perpetuumque
565 862 726 912 saoerdotium
737 864 793 928 suit)
802 865 877 917 dedu-

132 937 182 988 &us
197 937 223 988 in
233 956 323 1004 arcem,
345 941 461 1007 inlepide
472 940 502 988 ad
518 939 646 988 meridiem
660 938 743 988 versus
759 938 877 996 consedit.
969 965 977 976 ·

125 1020 221 1078 Augur
235 1015 266 1064 ad
276 1016 364 1064 laevam
375 1018 434 1079 ejus,
447 1018 525 1081 eapite
537 1017 628 1077 velato,
637 1014 718 1063 sedem
732 1016 804 1080 cepit,
813 1016 877 1074 dex·

133 1094 171 1141 tri
182 1109 257 1142 manu
269 1092 384 1140 baculum
399 1092 448 1140 fine
471 1093 539 1140 nodo
560 1084 688 1139 aduncum
696 1102 786 1155 tenens,
804 1108 878 1156 quem
924 1099 928 1103 '

134 1167 224 1216 lituum
240 1165 433 1232 appellaverunt.
466 1166 527 1214 Inde
544 1165 595 1228 ubi,
614 1163 742 1231 prospedlu
752 1166 778 1214 in
792 1167 878 1218 urbem

134 1257 269 1306 agrumque
280 1252 361 1308 capto,
381 1245 448 1290 Deos
466 1253 585 1307 precatus,
601 1243 713 1304 regiones
732 1242 765 1290 ab
784 1243 879 1294 oriente

129 1317 163 1368 ad
172 1317 283 1368 occasum
294 1318 467 1370 determinavit
472 1335 480 1378 ς
494 1314 632 1367 dextrasad
648 1317 774 1366 meridiem
786 1330 877 1385 parrer,

129 1397 206 1446 levas
214 1396 244 1446 ad
255 1396 445 1462 septentrionem
455 1393 501 1442 eise
512 1393 586 1442 dixit.
614 1394 715 1456 Signum
723 1400 816 1458 contra,
825 1399 878 1460 quc)

130 1473 265 1538 longissime
281 1472 437 1540 conspeilum
452 1471 520 1520 oculi
539 1471 657 1534 serebant,
677 1472 761 1520 auimo
783 1471 876 1526 sinivit,
925 1509 929 1515 .

134 1555 210 1616 Tum,
219 1550 281 1600 lituo
288 1551 318 1600 in
329 1545 415 1600 levam
424 1561 524 1598 manum
533 1548 657 1609 transsato,
668 1546 754 1596 dextre
768 1548 792 1596 in
802 1559 876 1614 caput

133 1632 221 1679 Numae
239 1627 359 1693 impositi,
377 1637 488 1694 precatus
505 1626 538 1674 esl
554 1627 602 1674 ita:
619 1625 714 1690 Jupiter
723 1625 830 1690 pater,fi
845 1624 876 1688 est

126 1706 177 1768 sas,
183 1704 235 1754 hunc
242 1708 342 1752 Numam
349 1703 487 1769 Pompilium,
495 1701 554 1763 cujus
563 1717 599 1767 ego
606 1708 669 1766 caput
679 1703 875 1767 teneo,tegem1la·

129 1798 170 1830 me
179 1782 225 1850 effe,
242 1781 273 1830 mi
284 1789 307 1830 lu
312 1780 375 1848 ſsgmz
387 1779 444 1830 mdis
454 1788 511 1828 certa
522 1779 642 1843 adclaraffls
652 1779 709 1826 inter
716 1793 748 1825 eos
754 1778 817 1840 fines,
826 1793 876 1843 quot

119 1858 184 1921 feci,
219 1861 288 1906 Tum
303 1857 396 1922 peregit
409 1855 491 1904 «verbis
508 1854 623 1919 auspicia,
640 1868 694 1917 quae
710 1854 776 1903 mitti
792 1854 876 1903 vellet.

129 1934 219 2000 quibus
228 1935 307 1998 missu,
319 1934 451 1984 declaratus
460 1947 504 1982 rex
514 1934 597 1980 Numa
605 1930 634 1979 de
642 1931 736 1997 templo
743 1930 875 1980 descendit.

165 2013 239 2060 XIX.
258 2011 317 2072 Qui,
334 2025 409 2072 regno
419 2011 455 2057 ita
465 2009 568 2073 potitus,
575 2007 663 2054 urbem
678 2021 779 2069 novam,
791 2005 876 2056 eondi-

131 2096 184 2135 tam
195 2087 222 2134 vi
234 2087 258 2134 8<
267 2087 347 2146 amis,
361 2087 414 2142 iure
422 2099 484 2143 eam,
495 2081 638 2144 legibusque
645 2097 674 2129 ac
682 2083 793 2129 moribus
801 2082 831 2130 de
839 2084 877 2132 in.

132 2171 204 2222 tegro
213 2157 317 2208 condere
325 2167 403 2222 parat.
421 2156 509 2220 quibus
518 2169 595 2219 quum
606 2156 668 2224 inter
679 2155 742 2202 bella
750 2154 879 2207 assuescere

133 2237 229 2286 videret
239 2249 289 2284 non
299 2231 373 2300 posse,
384 2233 476 2298 quippe
484 2231 596 2280 efferatos
609 2231 696 2293 militia
708 2231 818 2298 animos5
829 2233 877 2282 mi·

128 2313 258 2378 rigandum
274 2309 381 2359 ferocem
392 2308 512 2376 populum
529 2323 654 2372 armorum
670 2307 826 2359 desuetudine
836 2325 875 2360 ra-

128 2401 178 2454 tus,
193 2392 291 2454 Janum,
302 2387 333 2436 ad
344 2385 457 2436 infimum
470 2385 615 2450 Argiletum,
626 2384 733 2434 indicem
746 2386 812 2453 pacis
823 2387 875 2436 bel·

126 2465 204 2530 lique,
213 2463 285 2514 fecit
296 2473 402 2528 eperum,
412 2471 440 2510 ut
451 2476 477 2508 rn
485 2476 559 2511 armis
567 2459 612 2509 esse
621 2462 761 2510 civitatem
754 2462 875 2526 ,elausue,

129 2551 230 2609 pacatos
244 2539 308 2587 circa
324 2552 407 2586 omnes
447 2536 539 2605 pulos,
552 2535 703 2599 significaret
737 2537 875 2590 Bisdeiude

127 2618 184 2685 post
192 2587 409 2678 Numeregnun't
413 2605 491 2664 issue
500 2612 564 2662 suit:
582 2613 699 2662 se'melT.
707 2614 803 2666 Manlio
814 2633 874 2666 eon

130 2696 189 2759 sule,
208 2694 259 2760 poll
271 2693 390 2740 Punicum
398 2706 504 2756 primurn
512 2689 646 2756 perfessum
654 2691 758 2740 bellum
776 2694 875 2758 iterum,

129 2769 198 2838 qu'od
208 2770 294 2821 nostrae
305 2769 418 2819 aetatiDii
429 2769 555 2832 dederunt,
564 2778 592 2818 ut
603 2767 749 2833 videremus,
760 2770 813 2836 post
822 2771 873 2820 bel·

104 2881 107 2888 ι
127 2850 183 2900 lum
194 2847 329 2908 Allienum,
346 2845 378 2893 ab
394 2848 545 2910 Imperatore
566 2844 659 2894 Caesare
676 2846 796 2936 Augusto,
811 2861 874 2914 pace

129 2925 314 2990 terminarique
326 2921 402 2988 parti.
427 2921 525 2972 Clauso
537 2938 576 2983 eo,
594 2937 670 2985 quum
685 2925 797 2974 omnium
809 2924 875 2981 circe

80 2998 877 3128 ffimtqmonmsocietateacsoededbtujuuxiisetauimosppg.
