2117 3642
192 245 242 298 ³³2
448 239 485 288 τ.
520 240 543 289 L
561 241 648 292 rvr
665 242 679 292 r

191 309 359 388 nann‘raetae,
376 324 402 376 e
414 328 539 394 couoqna
551 329 666 396 permissu
681 331 859 398 imperatorum
870 331 945 384 nant.

191 412 235 453 ta:
253 404 380 469 inquibus
400 421 478 471 quum
498 407 631 458 identidem
648 409 715 458 Galli
735 401 827 458 iar'nem
845 411 944 474 objice-

191 491 254 544 rent,
272 483 348 547 etque
359 483 498 544 necestitate
516 485 548 534 ad
567 485 720 536 deditionem
732 497 861 551 vocarent,
878 489 944 538 dici:

191 565 233 608 tur
244 559 384 609 avertendae
395 560 447 624 ejus
465 564 591 629 opinionis
604 565 677 613 causi
692 564 775 613 multis
794 566 855 614 locis
871 570 949 634 panis

191 633 223 683 de
236 635 360 702 Capitolio
370 635 475 699 jadiatus
483 639 529 687 csse
538 641 563 687 in
575 639 679 690 hostium
689 639 811 690 dationes.
839 641 946 707 sedjzun

191 723 272 775 neque
283 710 431 778 dissimulari,
448 729 526 780 neque
538 714 596 765 ferri
608 717 671 765 uitri
681 716 759 767 sames
773 728 880 784 poterat.
916 724 943 769 I·

191 795 274 852 taque,
292 788 351 838 dum
362 790 467 840 diiiator
479 791 598 842 deieiium
608 808 652 860 per
660 792 684 841 ie
696 794 783 843 Ardea
795 795 877 858 habet,
888 811 945 845 ma-

191 861 292 929 gistrum
312 869 423 931 equitum
441 871 471 917 L.
494 869 622 919 Valerium
641 875 656 919 i
673 871 743 931 vejis
765 870 886 921 abducere
896 887 943 922 ex·
1053 922 1054 925 ,

191 943 297 993 ercitum
311 944 390 1009 juber,
409 958 487 1012 parat,
504 947 656 1013 instruitque,
674 949 763 1014 quibus
780 951 845 1001 haud
862 952 945 1018 impar

190 1019 320 1071 adoriatur
330 1023 426 1074 hodes:
444 1025 544 1074 interim
557 1026 712 1092 Capitolinus
726 1030 857 1096 exercitus,
874 1029 942 1077 stati·
1053 1018 1054 1023 ¹

190 1098 280 1148 onibus
297 1099 437 1166 vigiliisque
451 1101 666 1170 fessus,'superatis
684 1115 767 1154 tamen
785 1107 896 1155 humanis
910 1121 943 1156 ο·

192 1174 292 1226 mnibus
304 1177 385 1240 malis,
397 1193 473 1244 quum
483 1179 575 1228 samem
586 1195 662 1229 unam
671 1192 759 1230 natura
770 1182 838 1231 vinci
849 1198 899 1231 non
911 1181 943 1230 ff-

192 1263 270 1316 neret,
288 1251 402 1304 diemde
420 1253 461 1304 die
481 1255 644 1322 prospeiians‚
662 1257 759 1324 ecquod
778 1259 899 1309 auxiium
909 1259 945 1308 ab

192 1327 312 1380 didatore
328 1341 471 1400 apparerem
491 1335 614 1399 postremo
633 1330 675 1400 spe
694 1349 794 1400 quoque
811 1335 871 1398 jam,
889 1350 945 1386 non

192 1406 274 1457 solum
293 1408 359 1472 cibo,
376 1407 514 1473 deficiente,
534 1409 568 1473 dt,
593 1425 672 1476 quum
690 1410 805 1462 stationes
824 1410 945 1479 procede*
994 1427 1000 1438 ·

192 1496 256 1547 rent,
274 1489 351 1553 prope
365 1485 527 1537 obruentibus
546 1487 674 1538 infirmum
694 1503 783 1556 corpus
801 1491 883 1552 armis
900 1490 945 1538 vei

191 1559 258 1624 dedi,
275 1562 317 1610 vei
335 1562 421 1613 redimi
439 1562 472 1627 se,
489 1576 637 1629 quacunque
648 1562 761 1630 padione
772 1563 872 1632 possent,
888 1565 946 1629 jus-

192 1636 238 1696 dt:
253 1636 401 1700 jaiiantibuc
413 1655 464 1690 non
480 1640 584 1692 obscure
594 1641 681 1704 Gallis,
698 1642 764 1692 haud
777 1642 948 1707 magni'mer·

192 1711 252 1762 esde
263 1711 287 1763 se
298 1713 392 1765 adduci·
399 1715 475 1783 posse,
486 1729 514 1768 ut
529 1716 681 1768 obsidionem
693 1719 841 1784 relinquant.
870 1723 946 1785 Tum

192 1790 289 1842 senatus
301 1793 406 1858 habitus,
424 1795 578 1862 tribunisque
589 1795 696 1845 militum
713 1797 841 1859 negotium
849 1795 946 1864 datum,

194 1881 223 1920 ut
235 1870 422 1937 paciscerentur.
457 1873 517 1924 Inde
528 1875 594 1924 inter
611 1877 645 1939 Q.
664 1872 798 1940 sulpicium
813 1875 947 1924 tribunum

194 1949 301 2000 miiitum
310 1950 335 2001 de
345 1954 468 2002 Brennum
477 1952 588 2018 regulum
595 1941 726 2021 Gallorum
734 1952 861 2018 colloquio
869 1951 950 2001 cranii

192 2025 249 2077 utta
261 2041 298 2077 res
309 2027 350 2092 eii,
367 2027 393 2079 dt
403 2029 471 2078 mille
483 2027 568 2096 pondo
582 2027 637 2080 auri
649 2029 755 2095 pretium
771 2027 856 2097 popuii
863 2030 948 2093 genti*

195 2103 242 2156 bus
257 2119 319 2155 mox
332 2106 477 2172 imperaturi
493 2106 594 2157 fidium.
629 2107 685 2169 liei,
700 2105 833 2178 foediffimre
847 2122 892 2174 per
910 2105 949 2173 se,

195 2180 290 2246 adjedia
308 2181 441 2246 indignitas
451 2183 494 2234 est.
511 2175 622 2250 pondera
633 2184 665 2234 ab
677 2183 755 2234 Gallis
764 2184 837 2234 allata
850 2184 949 2252 iniqua,

193 2253 231 2320 dc,
248 2259 350 2308 tribuno
360 2253 495 2323 recusante,
511 2261 609 2311 additus
617 2262 651 2311 ab
658 2261 780 2312 insolente
796 2262 872 2315 Gaio
881 2278 949 2330 pon·

193 2331 249 2383 deri
261 2334 370 2398 gladiurr
387 2337 518 2404 auditaque
534 2339 690 2390 intoleranda
700 2339 821 2410 Romanis
830 2352 893 2404 vox,
910 2339 951 2390 Va

195 2411 265 2464 vidis
277 2411 325 2478 effe.
510 2421 513 2428 '
586 2421 590 2430 ‘
765 2423 771 2430 ’
934 2421 946 2447 ²

231 2493 331 2542 XLIX.
350 2489 395 2544 Sed
409 2492 501 2559 Diique
513 2494 539 2544 8c
554 2495 670 2546 homines
686 2495 834 2562 prohibuere
847 2491 950 2544 rerem·

197 2578 255 2636 ptos
267 2571 355 2620 vivere
367 2574 501 2622 Romanos.
519 2587 577 2622 mm
588 2571 653 2623 sorte
662 2573 775 2638 quidam,
793 2575 861 2640 priris
870 2577 951 2638 quint

199 2645 300 2698 infanda
310 2655 403 2698 m'erces
414 2649 579 2716 perficeretur,
586 2661 636 2718 per
642 2651 826 2704 altercationem
836 2649 952 2700 nondum

197 2725 270 2774 omni
279 2739 340 2774 auro
349 2725 465 2792 appenso,
473 2725 737 2786 diiiatorintorvenit5
754 2725 892 2792 auferrique
902 2739 952 2774 au·

199 2799 395 2862 rumdemedio,
413 2803 438 2852 de
448 2804 534 2853 Galios
551 2803 780 2867 submovcrijubot.
817 2802 954 2862 Quumiiii

199 2877 332 2928 renitentes
349 2877 432 2942 paiios
450 2878 560 2929 dicerent
577 2880 635 2944 sese,
651 2890 725 2945 negat
741 2892 796 2927 eam
807 2874 952 2942 pastionem

195 2961 278 3002 retcm
288 2949 342 3013 eise,
350 2964 412 3016 que,
419 2953 548 3018 postquam
559 2955 611 3022 ipse
619 2957 723 3006 director
730 2963 826 3004 cremis
833 2947 900 3012 eder,
909 2952 952 3002 in·

198 3023 264 3097 judu
275 3024 319 3080 suo
333 3025 365 3082 ab
376 3025 499 3080 inferioris
511 3030 576 3095 juris
587 3025 808 3100 mantuanum
816 3023 890 3081 eisett
901 3025 960 3112 ¹‹lc›-

833 3111 954 3160 Ιῦῦῦῑλῖἱ
