2117 3642
192 209 245 277 '296
451 218 486 267 T.
521 219 544 268 L
561 219 575 268 1
591 222 616 269 V
634 221 646 269 Ι
663 222 681 270 Γ

195 314 258 369 rent,
272 302 399 368 indignum
411 306 464 355 Diis
476 306 558 357 visum
573 309 680 359 honores
695 309 802 374 rulgari,
819 310 945 363 discrimi-

194 396 274 445 naque
287 382 397 444 gentium
416 382 543 432 consundi.
579 386 746 451 Praeterquam
761 387 885 450 majestate
896 404 942 454 pe-

193 458 307 519 tentium,
324 457 443 520 religIone
454 459 529 507 etiam
540 460 641 507 attoniti
653 462 763 510 homines
779 464 896 527 patricios
910 481 943 513 o·

193 546 270 594 mnes,
288 542 382 597 partem
396 549 510 597 magnam
522 534 732 586 honoratiffimum
750 554 878 603 quemque,
894 542 943 589 tri-

193 608 272 657 bunos
284 609 391 657 rnilitum
403 608 524 659 consulari
535 611 654 676 pdtellatc
662 629 786 677 creavere,
798 617 830 663 L.
843 616 942 665 Valeri·

193 700 237 735 um
255 688 365 735 Potitum
385 688 507 751 quintum,
525 691 564 736 M.
584 690 712 749 Valerium
730 694 879 755 Mammum,
896 696 940 746 M.

192 763 295 812 Furium
317 765 448 813 Camillum
468 764 578 827 tertium,
594 767 626 813 L.
649 769 751 817 Furium
772 768 940 824 Medullinum

190 826 302 902 tertium,
320 844 353 903 Q.
366 839 496 887 Servilium
511 838 654 889 Fidenatem
669 843 768 907 iterum,
786 849 820 908 Q.
832 846 937 911 Sulpici-

190 928 234 963 um
248 916 402 965 Camerinum
419 916 517 963 iterum.
552 914 597 964 His
614 917 719 969 tribunis
737 919 768 971 ad
781 921 856 983 Veios
873 921 938 971 nihil

190 992 326 1043 admodum
336 993 494 1042 memorabile
505 992 587 1042 aslum
598 995 640 1043 est.
657 1006 717 1046 total
725 998 764 1047 vis
775 999 801 1047 in
812 999 936 1065 poprdati-

118 1081 125 1095 ·
190 1072 280 1121 onibus
298 1070 354 1121 suit.
389 1072 448 1119 Duo
465 1068 554 1119 summi
571 1072 738 1138 imperatores,
756 1078 936 1126 PotitusaFa·

188 1150 265 1213 leriis,
284 1149 399 1199 Camillus
410 1153 425 1197 ὲ
438 1152 546 1215 Capena,
565 1150 657 1216 prted'as
667 1154 782 1216 ingentes¹
789 1170 869 1219 egere,
880 1154 937 1202 nul·

189 1228 212 1277 u
225 1226 343 1276 incolumi
355 1224 435 1275 relicti
445 1238 478 1287 re,
496 1224 537 1273 eui
545 1224 612 1275 sciro
620 1240 662 1275 aut
673 1229 726 1291 igni
738 1231 821 1280 noceri
832 1229 917 1297 posset.
930 1278 934 1284 ,

213 1296 284 1352 ΧΥ.
303 1302 417 1366 Prodigia
429 1302 528 1351 interim
539 1302 617 1351 multa
627 1307 738 1367 nunciati
745 1325 754 1367 ς
769 1295 875 1373 quorum
883 1308 936 1373 plo

190 1394 274 1445 raque,
292 1376 317 1429 ἃ
336 1381 393 1445 quia
410 1378 496 1442 singuli
513 1377 623 1427 audiorer
640 1391 717 1444 crant,
739 1399 827 1448 parum
841 1384 939 1435 credita

187 1456 329 1524 spretaque,
346 1457 371 1505 dr
380 1456 447 1521 quia,
464 1452 572 1503 hostibus
580 1452 697 1517 Etruscis,
711 1472 754 1522 per
763 1474 826 1523 quos
837 1474 865 1507 ea
873 1474 938 1524 pro-

187 1528 313 1597 curarent,
330 1533 452 1601 aruspices
468 1547 519 1581 non
530 1541 607 1581 erant.
641 1532 667 1581 in
677 1545 756 1582 unum
766 1535 877 1584 omnium
890 1552 938 1586 cu·

189 1626 222 1664 rae
232 1608 307 1660 versae
321 1610 384 1674 sunt,
401 1609 468 1677 quod
482 1610 548 1659 lacus
558 1610 584 1657 in
596 1607 693 1660 Albano
707 1626 806 1661 nemore
819 1612 866 1661 sme
877 1614 939 1665 ullis

188 1687 325 1737 coelestibus
335 1688 412 1753 aquis,
430 1686 537 1737 causave
548 1694 596 1751 q'ua
606 1686 662 1749 alia,
679 1703 734 1751 quae
745 1702 798 1737 rem·
812 1690 936 1751 miraculo

184 1768 319 1830 eximeret,
336 1766 361 1814 in
378 1764 534 1815 altimdinern
548 1764 673 1831 insolitam
683 1754 772 1820 crevit.
792 1766 935 1831 ¹Quidnam

189 1858 220 1895 eo
232 1845 275 1894 Dii
286 1842 460 1910 portenderent
474 1839 598 1909 prodigio,
615 1841 677 1891 milli
691 1832 839 1907 sciscitatum
850 1855 934 1901 orator

187 1937 226 1973 res
237 1922 267 1971 ad
279 1922 426 1988 Delphicum
437 1920 581 1971 oraculumz
599 1918 640 1970 sed
651 1921 755 1987 propior
768 1921 885 1987 interpres
895 1921 933 1971 sa-

184 2000 219 2051 tis
229 1999 324 2051 oblatus
333 1997 522 2065 senior'quidanr
531 1996 633 2060 Veiens,
648 1998 700 2068 qui,
717 1998 782 2047 inter
793 1998 936 2049 cavillantes

188 2078 214 2128 in
226 2078 369 2128 stationibus
385 2093 414 2126 ac
432 2075 548 2125 custodiis
562 2075 653 2125 milites
670 2078 796 2126 Romanos
808 2073 935 2125 Etruscor-

187 2172 245 2222 que,
263 2154 420 2207 vaticinantis
435 2154 461 2203 in
477 2142 581 2204 modum
598 2150 696 2216 cecinit,
714 2156 841 2221 Priusquam
851 2170 876 2204 ex
886 2154 935 2205 lacu

112 2243 115 2251 '
188 2233 274 2287 Adoro
284 2250 338 2299 aqua
358 2230 429 2295 erniffit
440 2233 509 2296 soret,
527 2248 632 2297 uniquam
645 2223 764 2297 potiturum
779 2234 838 2296 Vejis
851 2233 932 2280 Ronla-

187 2326 247 2359 num.
273 2310 347 2371 Quod
359 2310 448 2375 primo,
456 2310 525 2359 velut
536 2320 628 2359 temere
636 2308 738 2373 jactum,
750 2304 837 2375 sperni,
846 2309 938 2372 agitari

186 2385 276 2435 deinde
287 2385 439 2435 sermonibus
450 2396 559 2451 coeptum
570 2388 617 2447 est3
631 2388 714 2441 donec
729 2403 791 2437 unus
802 2402 833 2435 ex
847 2387 931 2446 statio,

186 2477 218 2513 ne
240 2465 353 2512 Romana
381 2462 552 2529 percuntlatua
572 2463 717 2528 proximum
739 2462 930 2529 oppidanorum,

184 2542 247 2608 (janu
267 2558 310 2609 per
329 2542 534 2606 longinquitatem
552 2542 611 2591 belli
627 2544 777 2592 commercio
790 2541 931 2594 sermonum

186 2620 261 2683 tam)
278 2620 389 2686 quisnam
405 2620 425 2669 i's
440 2619 505 2683 esset,
522 2619 565 2683 qui
574 2635 618 2685 per
626 2620 740 2683 ambages
748 2618 779 2666 de
790 2618 845 2675 lacu
857 2617 932 2669 Alba·

185 2712 220 2747 no
230 2699 340 2759 jaceret?
360 2698 486 2765 postquam
496 2696 593 2746 attdivit
602 2696 739 2762 aruspicem
748 2694 803 2758 esse,
815 2697 855 2745 vir
867 2695 932 2747 haud

185 2772 271 2823 iuraui
290 2776 408 2837 religione
430 2775 514 2835 animi,
536 2773 647 2823 causatus
664 2776 693 2823 de
711 2774 804 2839 privati
823 2772 932 2839 portenti

183 2851 367 2919 procuratione,
391 2850 407 2898 ti
428 2862 508 2915 operae
526 2851 562 2899 illi
581 2851 651 2926 essct,
666 2851 792 2901 consulere
812 2851 884 2912 velle,
901 2848 932 2900 ad

185 2926 338 2991 colloquium
356 2936 439 2974 vatem
456 2926 549 2976 elicuit.
585 2933 718 2993 Quumque
729 2926 846 2993 progreffi
857 2928 933 2979 ambo

182 3003 257 3055 esuis
268 3002 365 3071 longius
373 3003 625 3071 esseutinmmmfiuc
633 3006 782 3067 ullometu3
794 3005 931 3070 praevalens

181 3108 189 3133 ι
239 3089 245 3121 r
540 3134 544 3147 Ι
827 3092 932 3142 juvetur
