2117 3642
174 234 224 291 306
431 239 660 294 T.L1v11

171 322 265 382 gnitate
277 322 363 391 populi
376 326 481 375 Romani
494 325 573 376 fieret.
599 330 634 377 Ea
647 344 747 396 quoque
758 330 860 383 collatio
869 334 923 401 ple·

171 394 208 445 bis
220 400 314 448 animos
325 406 339 449 a
353 402 458 451 Camillo
470 404 597 453 alienavit.
615 408 684 454 Inter
695 408 747 455 haec
759 408 922 473 pacificatum

169 472 244 538 legati
256 482 271 525 a
283 478 378 529 Volscis
389 480 413 528 dc
423 482 508 544 AEquir
519 492 656 531 venerunt:
668 485 849 551 impetrataque
860 503 929 553 pax,-

170 552 249 615 magis
266 564 294 602 ut
308 553 366 603 felli
381 566 431 605 tam
446 556 543 607 diutino
560 558 627 609 bello
642 560 808 625 acquiesceret
822 563 923 627 civitas,

170 632 244 692 quam
258 631 324 695 quod
337 632 405 695 digni
419 643 540 699 peterent.
857 652 862 655 ·

204 710 304 757 XXIV.
323 710 393 773 vejis
406 710 490 777 captis,
509 710 552 760 lex
560 711 673 761 tribunos
681 711 922 763 rnilitumconsulari

168 783 289 848 potestate
313 785 440 851 insequens
459 802 538 836 annus
561 787 656 850 babuit,
689 786 751 839 duos
775 790 802 837 P.
826 793 921 839 Corne·

166 858 224 924 lios,
244 863 343 913 Collum
356 864 380 913 ἃ
394 864 542 930 Scipionem,
560 867 599 913 M.
609 863 737 913 Valerium
748 866 890 915 Maximum
903 866 925 915 i·

111 992 114 1001 ι
168 946 258 1001 terum,
272 942 304 987 K.
315 942 419 991 Fabium
430 941 578 990 Ambustum
587 941 696 1004 tertium,
709 944 741 990 L.
751 944 853 991 Furium
861 946 922 993 Me·

168 1012 290 1063 dullinum
308 1018 429 1081 quintum,
449 1020 483 1082 Q.
502 1017 633 1067 Servilium
650 1019 765 1067 renium.-
797 1019 921 1070 corneliis

62 1094 65 1101 ’
168 1088 291 1139 Faliscum
303 1092 402 1156 bellum,
421 1094 522 1152 Valerio
534 1109 564 1143 ac
575 1093 679 1145 Servilio
691 1098 802 1161 Capenas
813 1094 878 1145 sorte
891 1110 921 1145 e-

168 1166 249 1215 venit.
267 1168 339 1218 abiis
351 1184 402 1219 non
413 1171 485 1220 urbes
502 1171 530 1218 vi
539 1180 583 1219 aut
591 1171 708 1237 operibus
718 1181 825 1235 tcnmtae,
843 1171 883 1221 sed
891 1188 920 1221 a·

167 1256 212 1308 ger
227 1244 259 1293 est
271 1238 440 1313 depopulatus,
459 1246 594 1313 praedaeque
608 1260 691 1295 rerum
703 1246 834 1310 agrestium
849 1246 919 1300 alla.

167 1322 235 1375 nulla
250 1322 311 1375 felix
329 1326 411 1389 arbor,
428 1326 490 1375 nihil
507 1324 655 1389 frugiferum
673 1324 699 1373 in
718 1338 780 1387 agro
793 1323 921 1376 relillum.
962 1360 969 1368 ‚

169 1399 205 1449 Ea
215 1400 294 1449 clades
306 1404 455 1467 Capenatem
465 1402 586 1469 populum
596 1399 701 1465 subegit.
719 1414 770 1466 pax
779 1403 923 1468 petentibut

167 1472 233 1525 data.
252 1480 282 1525 In
295 1478 393 1529 Faliscis
408 1478 500 1531 bellum
515 1478 628 1527 restabat.
645 1481 733 1528 Roma
746 1479 845 1528 interim
854 1479 921 1530 mul·

166 1550 247 1619 riplex
260 1550 347 1611 seditio
364 1564 431 1605 erat:
450 1555 519 1619 cujus
537 1554 657 1606 lenienda
666 1554 740 1605 cnuti
755 1555 880 1605 coloniam
891 1558 921 1609 in

165 1626 280 1691 volscos,
298 1633 348 1693 qud
365 1632 412 1681 tria
426 1632 503 1681 millia
520 1631 616 1681 civium
635 1633 809 1681 Romanorum
827 1630 920 1682 scribe-

165 1712 259 1768 rentur,
277 1704 445 1773 deducendam
464 1709 625 1759 censuerantt
650 1707 825 1773 triumvirique
845 1707 877 1758 ad
892 1707 923 1761 id

165 1782 241 1831 creati
256 1785 423 1851 ternaJ‘ugera
434 1786 459 1837 dt
474 1785 603 1853 septuncec
611 1786 708 1835 viritim
718 1782 863 1834 diviserant.
881 1786 921 1839 Ea

164 1859 265 1924 largitio
275 1861 355 1931 sperni
368 1875 461 1931 coepta;
477 1866 537 1930 quia
552 1863 604 1931 spei
614 1862 717 1926 majoris
726 1861 868 1912 avertenda
878 1860 920 1913 so·

164 1936 253 1989 latium
265 1940 390 2004 objestum
399 1936 539 1993 censebant.
575 1938 920 2007 Curenimrel'cgariplebem

163 2016 192 2067 in
204 2016 316 2083 Volscos,
334 2036 411 2087 quum
428 2020 595 2087 pulcherrima
611 2017 670 2069 urba
682 2017 740 2081 veji
750 2032 857 2082 agerque
864 2020 918 2067 ve·

161 2091 279 2157 jentanua
290 2097 316 2145 in
329 2096 462 2165 conspetlu
471 2097 507 2162 sit,
524 2096 626 2146 uberior
636 2094 791 2161 ampliorque
802 2096 919 2145 Romano

164 2176 245 2239 agro?
277 2174 369 2223 Urbem
386 2190 486 2242 quoque
498 2174 554 2225 urbi
566 2176 662 2237 Romu,
679 2171 720 2236 rel
737 2170 792 2235 litu,
809 2171 918 2221 velina·

163 2248 307 2315 gnificentid
318 2252 476 2317 publicorum
487 2254 696 2319 privatorumque
707 2248 828 2300 teliorum
839 2264 869 2300 ac
878 2250 917 2299 lo-
942 2246 948 2252 ”

163 2340 260 2391 corum,
279 2329 464 2395 preponebant.
482 2328 596 2394 quinilla
609 2342 710 2394 quoque
720 2326 785 2377 allio
795 2327 917 2378 moveba-

164 2410 213 2466 tur,
231 2420 285 2469 quae
296 2404 349 2472 poll
362 2417 459 2474 captam
473 2408 561 2472 utique
569 2410 701 2457 Romamn
719 2400 916 2456 Gaffis‘eelebra-

164 2483 216 2533 tior
227 2480 283 2545 suit,
302 2482 490 2550 transmigrandi
502 2486 589 2549 chos.
625 2488 750 2546 Ceterum,
768 2484 857 2550 partim
865 2482 918 2550 ple·

163 2557 200 2623 bi,
212 2564 303 2627 partim
315 2558 408 2611 senatui
418 2560 569 2612 destinabant
578 2560 726 2612 habitandos
734 2559 828 2623 Vejos3
844 2556 925 2608 duasi

163 2642 213 2704 que
224 2638 297 2689 urbes
314 2640 453 2691 communis
468 2639 609 2707 reipublicae
626 2638 703 2689 incoli
717 2644 733 2687 a
750 2637 845 2704 populo
863 2640 915 2686 Ro·

166 2729 242 2765 mano
252 2714 328 2781 polle.
351 2716 476 2769 Adversus
488 2733 548 2783 qun,
554 2732 632 2783 quum
643 2718 775 2783 optimates
786 2714 821 2765 ita
835 2712 919 2763 tende·

162 2801 228 2855 rent,
244 2803 272 2842 ut
284 2796 397 2844 morituros
403 2797 429 2861 se
442 2796 506 2845 citiir
516 2796 628 2845 dicerent
637 2796 660 2844 in
670 2792 779 2860 craspeile
786 2793 860 2859 populi
870 2795 917 2844 Ro·
1008 2842 1012 2849 ,

163 2868 232 2931 mani,
249 2870 313 2935 quim
328 2870 437 2935 quicquam
454 2886 528 2919 earum
540 2886 618 2921 rerum
635 2880 757 2937 rogarem.
775 2871 853 2937 quippe
863 2886 917 2920 mort

163 2943 187 2993 r‘rt
202 2962 242 2993 una
259 2942 309 2993 urbe
328 2954 412 2995 tantum
428 2944 570 3015 diffinfionum
589 2947 635 3015 effe,
653 2948 704 3013 quid
713 2948 736 2996 ln
749 2946 828 2995 dunler
839 2947 917 3011 sore?

164 3020 275 3073 truamur
290 3030 314 3073 ut
330 3022 436 3090 quisquam
453 3022 542 3077 virent
555 3026 634 3094 patrie
649 3023 786 3092 preferat?
795 3022 917 3113 fluerem

805 3116 916 3169 uaporem
