2117 3642
393 217 629 267 Ltssnv.
837 229 886 277 295

136 303 219 356 serunt
225 324 232 367 ;
255 306 280 357 δι
298 320 353 355 eum
371 305 476 355 inimicis
493 320 594 370 quoque
611 304 718 368 benign&
734 316 764 353 ac
781 303 888 355 comiter

137 381 257 432 sermones
268 382 374 444 habitos,
390 379 477 445 jurgiis
488 398 517 429 ac
534 381 619 429 litibus
631 389 811 446 temperatum
828 380 886 432 vin·

138 458 180 507 etis
189 458 288 524 quoque
300 458 395 525 dempta
407 460 432 507 in
444 474 486 506 eos
497 457 549 505 dies
560 458 674 515 vincula;
692 456 805 520 religioni
816 455 886 505 dein-

138 534 168 583 de
180 534 257 598 suillo,
276 538 364 602 quibus
375 551 429 583 eam
440 550 515 603 opem
527 536 570 583 Dii
582 534 698 596 ruissent,
714 535 814 584 vinciri.
843 536 886 585 In·

138 616 210 662 terim
221 612 252 662 ad
266 614 341 676 Vejos
361 625 440 675 terror
455 610 587 676 multiplex
599 610 661 671 suit;
677 611 754 660 tribus
772 612 887 661 inunum

137 689 207 741 bellis
216 691 319 740 collatis.
337 687 443 759 namque
458 688 555 750 eodem,
572 703 623 751 quo
635 699 717 750 antea,
733 687 810 737 modo
822 689 904 743 circa.

136 760 298 832 munimenta,
316 782 392 833 quum
403 768 503 833 repente
516 768 652 832 Capenates
664 763 801 829 Faliscique
813 763 887 817 subii·

136 842 179 893 dio
194 844 322 906 venissent,
338 844 455 893 adversus
472 852 518 891 tres
534 842 659 890 exercitus
677 841 782 907 ancipiti
799 840 888 908 proelio

137 932 276 987 pugnatum
292 922 333 969 cll.
369 924 435 969 Ante
444 918 529 969 omnia
544 918 644 982 adjuvit
654 919 774 968 memoria
785 918 888 968 damna·
913 917 917 927 “

136 996 212 1046 tionis
224 996 299 1061 Sergii
311 1012 340 1047 ac
348 996 466 1059 virginii.
485 996 568 1061 itaque
581 996 719 1060 majoribus
730 995 821 1059 castris,
839 1010 887 1047 un·
974 1004 979 1014 “

138 1072 172 1123 de
181 1083 253 1121 antea
262 1072 378 1122 cessatum
390 1073 477 1135 fuerat,
490 1070 564 1121 brevi
572 1072 652 1139 spatio
662 1072 834 1123 circumdusiae
843 1088 885 1123 eo·

84 1183 88 1188 -
136 1150 185 1217 piae
197 1153 340 1217 capenates,
357 1152 384 1199 in
394 1148 488 1198 vallum
498 1152 640 1201 Romanum
654 1149 748 1215 versos,
765 1150 796 1199 ab
814 1161 887 1213 tergo

137 1224 323 1291 aggrediuntur.
341 1225 403 1276 Inde
415 1240 498 1293 pugna
509 1236 588 1292 coepta
599 1226 624 1277 ἀ
635 1227 734 1276 faliscis
744 1226 828 1276 intulit
837 1235 886 1276 ter·

135 1316 226 1367 rorem,
244 1301 439 1371 trepidantesque
450 1304 550 1369 eruptio
561 1318 593 1353 ex
605 1303 837 1370 castris-opportune
847 1302 885 1350 fa·

135 1374 174 1429 sta
188 1380 287 1429 avertit.
305 1378 413 1446 repulsos
425 1376 514 1428 deinde
527 1377 630 1428 insecuti
641 1377 748 1429 videres
758 1379 885 1443 ingentem
910 1422 917 1433 „

135 1454 266 1505 ediderunt
277 1456 377 1507 caedcm.
412 1458 466 1506 Nec
483 1456 520 1505 ita
536 1456 616 1507 mttlto
636 1456 689 1525 poll
702 1455 756 1520 jam
767 1456 885 1523 palantes,

134 1535 215 1587 veluti
231 1534 296 1586 sorte
307 1534 393 1598 oblati,
406 1534 567 1603 populatores
578 1535 709 1602 Capenatis
719 1534 773 1599 agri
783 1534 885 1601 reliqui·

134 1626 161 1663 ss
172 1626 260 1679 pugnae
268 1610 438 1680 absumpsere:
458 1612 483 1663 ds
492 1612 637 1677 vejentium
646 1611 797 1678 refugientes
807 1613 834 1666 in
841 1627 884 1665 ur·
922 1606 929 1615 ’

133 1690 192 1741 bem
202 1691 274 1755 multi
291 1702 348 1742 ante
360 1701 443 1758 portas
460 1690 521 1753 caeli,
537 1691 599 1741 dum
613 1706 664 1757 prae
673 1700 754 1755 metu,
769 1704 802 1743 ne
813 1691 884 1743 simul

133 1768 261 1820 Romanus
269 1768 424 1837 irrumperet,
434 1766 538 1845 objeslis
544 1766 640 1819 foribus
647 1776 774 1820 extremos
781 1766 884 1821 suorum

135 1846 269 1897 exclusere.
311 1875 313 1881 ,

167 1928 242 1974 x1v.
260 1925 320 1973 Hae
330 1936 362 1973 eo
372 1936 440 1971 anno
453 1920 516 1971 asia.
550 1919 645 1983 Etiam
653 1920 757 1971 comitia
768 1921 883 1973 tribuno·

132 2012 190 2053 sum
200 2001 309 2049 rnilitum
328 2000 440 2061 adelart,
456 2012 562 2063 quomm
576 2000 654 2063 prope
663 1999 746 2061 maior
762 1999 885 2067 Patribus,

133 2081 210 2143 quim
219 2076 286 2138 belli,
298 2090 356 2125 cura
368 2085 434 2135 erat3
446 2075 537 2141 quippe
548 2088 599 2122 non
610 2074 819 2127 communicatum
826 2072 890 2127 moi

133 2153 168 2204 do
184 2168 242 2203 eum
259 2153 338 2221 plebe,
355 2150 397 2203 sed
413 2153 491 2219 prope
507 2147 627 2215 emissum,
644 2152 800 2203 cernentibus
816 2153 884 2205 sum·

133 2244 204 2283 mum
215 2230 365 2301 imperium.⁸
390 2231 478 2295 Itaque
489 2227 621 2279 elariffimis
631 2229 692 2279 viris
701 2244 734 2280 ex
743 2222 884 2298 ,componis

122 2308 273 2377 preparatis
284 2306 316 2359 nd
327 2304 467 2374 petendum,
485 2320 550 2373 quos
562 2306 724 2373 praetereundi
734 2306 883 2362 verecundi·

97 2444 104 2459 x
132 2400 174 2435 am
184 2383 311 2435 crederent
328 2382 391 2446 sore,
408 2383 570 2434 nihilominus
587 2382 640 2450 ipsi,
657 2383 759 2451 perinde
775 2400 806 2453 ac
819 2384 836 2437 fi
851 2401 881 2437 o·

130 2467 199 2513 mnes
210 2462 332 2515 candidati
343 2460 426 2527 essent,
444 2462 530 2513 ctrnsla
546 2463 711 2529 experientes,
727 2478 781 2513 non
797 2464 881 2517 homi·

131 2554 172 2591 stes
189 2539 274 2604 modo,
291 2538 333 2591 sed
347 2543 414 2589 Deos
429 2541 515 2602 etiam,
537 2539 697 2606 excipiebant
706 2559 715 2601 ς
736 2540 763 2589 in
779 2541 881 2605 religio-

88 2614 90 2619 ’
130 2626 188 2669 nem
208 2624 331 2668 vertentes
348 2616 450 2667 comitia
467 2616 571 2667 biennio
589 2616 694 2666 liabitas
711 2615 794 2682 priore
812 2632 891 2684 anno-

131 2690 310 2745 intolerandam
321 2693 429 2743 hiemem
439 2691 609 2760 prodigiisque
619 2691 712 2741 divinis
722 2691 825 2754 similem
836 2709 880 2745 eo-

131 2781 227 2823 ortams
245 2770 364 2839 proximo
380 2786 433 2821 non
449 2770 573 2839 prodigia,
590 2769 630 2821 sed
641 2769 694 2835 jam
708 2783 820 2838 eventus,
837 2787 880 2842 pe·

131 2846 261 2899 slilentlam
272 2848 336 2912 agris
346 2846 452 2913 urbique
465 2848 559 2898 illatam
567 2846 634 2899 haud
648 2846 723 2901 dubis
733 2849 770 2902 iti
778 2850 881 2905 Dellms

121 2938 194 2989 ,quos
202 2924 273 2992 pellis
283 2924 335 2989 ejus
347 2923 457 2977 arcendas
472 2924 545 2975 sauss
557 2924 691 2991 placandos
698 2924 753 2992 else,
770 2928 797 2978 in
810 2926 881 2978 libris

129 2999 246 3057 fatalibus
262 3001 451 3055 invertuntur.
486 3003 609 3072 comitiis,
624 3002 753 3073 suspirato
768 3018 824 3073 qua
833 3001 888 3054 fia*

462 3079 489 3135 tt
503 3096 522 3147 4
811 3086 877 3147 rust,
